2035 3406
147 182 229 224 182

917 184 1130 229 -θ-

1318 188 1506 231 [Ὀδυσσέως
1515 198 1664 233 σύστασις
1676 197 1754 240 πρὸς
1766 199 1914 232 Φαίακας

166 338 261 375 VIII
284 333 310 387 ἢ
342 333 446 375 ε’άειν
478 333 555 390 μέγ’
592 335 747 390 ἄγαλμα
778 341 889 377 θεῶν
920 337 1155 391 θελκτήριον
1187 335 1303 390 εἶναι,

182 417 244 449 510
293 418 339 467 τῇ
371 426 443 465 περ
478 411 528 464 δὴ
559 412 625 453 καὶ
657 412 787 453 ἔπειτα
818 413 1117 466 τελευτήσεσθαι
1149 414 1289 467 ἔμελλε·

291 484 383 527 αἶσα
414 488 488 542 γὰρ
520 483 572 541 ἦν
604 488 837 542 ἀπολέσθαι,
869 488 952 529 ἐπεὶ
982 490 1094 538 πόλις
1127 489 1411 543 ἀμφικαλύψαι

293 564 506 618 δουράτεον
538 564 661 619 μέγαν
693 566 829 618 ἵππον,
860 562 920 605 ὅθ’
956 566 1052 618 ἥατο
1086 567 1228 615 πάντες
1260 566 1410 620 ἄριστοι

290 643 483 694 Άργεΐων,
516 642 688 695 Τρώεσσι
719 642 848 693 φόνον
879 641 946 682 καὶ
976 649 1078 696 κῆρα
1110 642 1306 697 φέροντες.

294 715 424 768 ἤειδεν
456 715 511 769 δ’,
541 717 594 765 ὡς
625 717 755 758 ,Ράστυ
791 716 1011 772 διέπραθον
1043 715 1125 767 υἷες
1157 723 1319 772 Ἀχαιῶν

179 800 240 831 515
291 792 466 833 ἱππόθεν
499 792 714 846 ἐκχύμενοι,
744 797 880 834 κοῖλον
914 794 1030 848 λόχον
1063 795 1373 849 ἐκπρολιπόντες.

288 866 407 908 ἄλλον
439 866 475 908 δ’
512 868 608 925 ἄλλῃ
642 868 747 909 ἄειδε
777 870 894 910 πόλιν
925 869 1154 924 κεραϊζέμεν’
1192 870 1329 924 αἰπὴν,

288 943 412 997 αὐτὰρ
439 942 638 997 Ὀδυσσῆα
669 944 784 998 προτὶ
813 946 974 998 δώματα
1006 947 1231 1000 Δηιφόβοιο

288 1019 457 1072 βήμεναι
488 1018 570 1073 ἠύτ’
597 1020 723 1075 ’Ἁρηα
755 1021 830 1062 σὺν
862 1021 1033 1079 ἀντιθέῳ
1068 1023 1274 1080 Μενελάῳ.

288 1099 394 1135 κεῖθι
427 1095 476 1148 δὴ
509 1097 715 1138 αἰνότατον
746 1098 918 1150 πόλεμον
946 1096 1065 1150 ’φάτο
1097 1099 1344 1152 τολμήσαντα

177 1180 239 1211 520
288 1178 446 1224 νικῆσαι
477 1172 544 1212 καὶ
575 1172 705 1213 ἔπειτα
737 1173 803 1214 διὰ
835 1174 1069 1228 μεγάθυμον
1101 1175 1288 1227 Ἀθήνην.

1583 576 1645 607 512
1672 577 1715 607 ef.
1740 577 1758 607 ὁ
1782 578 1845 608 272

1585 659 1647 690 513
1672 673 1715 687 =
1739 659 1756 689 δ
1780 660 1843 691 273

1580 1187 1662 1220 520¹>
1685 1204 1728 1217 =
1752 1201 1768 1219 ν
1794 1190 1853 1221 121

345 1246 445 1289 ταῦτ’
483 1247 538 1302 ἄρ’
575 1249 710 1298 ἀοιδὸς
742 1249 847 1290 ἄειδε
878 1251 1117 1304 περικλυτός·
1153 1251 1278 1305 αὐτὰρ
1307 1249 1521 1301 Ὀδυσσεὺς
1584 1262 1644 1295 521
1671 1280 1715 1293 ==
1739 1265 1781 1295 83

281 1322 445 1377 ’τήκετο,
476 1326 601 1380 δάκρυ
634 1324 669 1366 δ’
707 1326 841 1367 ἔδευεν
873 1326 953 1367 ὑπὸ
987 1328 1218 1381 βλεφάροισι
1249 1329 1424 1382 παρειάς.

290 1400 342 1449 ὡς
376 1400 418 1441 δὲ
449 1402 552 1455 γυνὴ
583 1403 740 1459 κλαίῃσι
772 1403 890 1454 φίλον
921 1403 1040 1444 πόσιν
1072 1403 1365 1457 ἀμφιπεσοῦσα,

291 1477 332 1525 ὅς
364 1493 402 1517 τε
434 1477 530 1530 ἕῐῆς
562 1478 741 1531 πρόσθεν
771 1479 907 1527 πόλιος
939 1483 1045 1520 λαῶν
1078 1496 1116 1520 τε
1147 1479 1288 1536 πέσῃσι

179 1562 240 1593 525
288 1554 427 1593 ,Ἐάστεϊ
455 1553 521 1594 καὶ
552 1553 743 1594 τεκέεσσιν
776 1554 941 1607 ἀμύνων
973 1554 1107 1607 νηλεὲς
1139 1551 1256 1610 ἦμαρ·
1289 1582 1346 1585 --

1583 1567 1664 1596 525b
1688 1566 1731 1596 cf.
1755 1567 1784 1595 A
1809 1566 1873 1596 484

291 1628 316 1682 ἢ
350 1629 420 1682 μὲν
452 1630 519 1670 τὸν
550 1631 779 1687 θνῄσκοντα
810 1631 877 1671 καὶ
908 1631 1152 1686 ἀσπαίροντα
1183 1634 1357 1673 ,Ριδοῦσα

291 1704 384 1758 ἀμφ’
421 1707 526 1763 αὐτῷ
559 1706 707 1760 χυμένη
739 1708 827 1761 λίγα
859 1709 1016 1760 κωκύει,
1047 1710 1086 1749 οἳ
1117 1708 1160 1749 δέ
1189 1706 1216 1749 τ’
1253 1708 1395 1749 ὄπισθε

1585 1725 1647 1756 527
1672 1725 1715 1755 of.
1743 1728 1774 1755 T
1792 1727 1856 1756 284

291 1783 499 1831 κόπτοντες
532 1784 715 1837 δούρεσσι
746 1785 993 1838 μετάφρενον
1026 1783 1097 1837 ἠδὲ
1128 1784 1194 1825 καὶ
1227 1785 1359 1838 ὤμους

290 1860 439 1913 εἴρερον
470 1860 524 1908 εἲς
556 1859 761 1914 ἀνάγουσι,
792 1861 918 1902 πόνον
950 1859 976 1901 τ’
1014 1860 1145 1915 ἐχέμεν
1177 1862 1244 1902 καὶ
1276 1861 1397 1911 ὀιζύν·

1584 1879 1666 1910 529¹>
1689 1895 1732 1907 =
1757 1882 1830 1911 N2

180 1946 242 1976 530
289 1943 357 1989 τῆς
389 1934 423 1976 δ’
460 1936 703 1994 ἐλεεινοτάτῳ
736 1936 822 1990 ἄχεϊ
851 1939 1109 1989 φθινύθουσι
1143 1940 1311 1993 παρειαί·
1345 1964 1401 1968 -—-

288 2007 340 2060 ὧς
368 2010 555 2061 Ὀδυσεὺς
588 2012 755 2053 ἐλεεινὸν
789 2011 851 2053 ὑπ’
889 2012 1035 2067 ὀφρύσι
1069 2015 1245 2068 δάκρυον
1277 2012 1367 2068 εἶβε.

288 2086 371 2129 ἕνθ’
406 2088 549 2138 ἄλλους
581 2088 652 2141 μὲν
684 2090 835 2138 πάντας
868 2090 1063 2131 ἐλάνθανε
1096 2091 1249 2145 δάκρυα
1282 2092 1437 2145 λείβων,

1583 2031 1644 2061 531
1670 2031 1712 2061 cf.
1736 2041 1758 2061 π
1784 2032 1847 2062 237

1581 2075 1662 2106 531b
1674 2091 1718 2103 =
1731 2077 1747 2106 ὁ
1764 2077 1825 2106 153

1580 2121 1726 2151 532-536
1737 2122 1823 2151 :93
1834 2131 1908 2160 sqq.

290 2166 484 2213 Ἀλκίνοος
517 2164 559 2205 δέ
591 2182 658 2217 μιν
691 2162 773 2214 οἶος
809 2164 1039 2219 ἐπεφράσατ’
1073 2164 1138 2219 ἠδ’
1175 2166 1313 2220 ε’νόησε

291 2242 434 2294 ἥμενος
466 2239 546 2296 ι’)ἱγχ7
583 2243 721 2295 αὐτοῦ,
751 2243 855 2296 βαρὺ
889 2241 931 2283 δὲ
963 2244 1215 2297 στενάχοντος
1251 2242 1406 2284 ἄκουσε.

185 2440 249 2471 509
275 2441 290 2480 ἢ
315 2444 393 2472 ἑὰειν
424 2449 462 2471 n0
488 2443 567 2481 191]
594 2442 610 2481 ἢ
639 2445 712 2472 ἐάαν
736 2442 790 2473 vel
816 2444 847 2481 ἠὲ
869 2442 913 2482 (ἢ)
938 2446 989 2473 ἐᾶν

140 2495 237 2524 codd.

185 2546 246 2577 511
281 2546 330 2586 ἧι]
365 2549 406 2578 cf.
440 2555 478 2578 110
508 2549 589 2584 3023
616 2546 665 2587 ἦεν
690 2549 819 2579 ὀλέσθαι
844 2550 989 2580 coniecit

139 2600 264 2629 Nauck.
296 2598 308 2641 ΙΙ
341 2599 442 2640 *ἐπεὶ]
471 2601 553 2639 ἐπὴν.
584 2599 597 2642 Η
627 2603 846 2642 ἀμφικαλύψαι
872 2603 987 2633 GHer-

140 2653 257 2691 mann]
283 2661 344 2693 -ψῃ
368 2654 464 2683 codd.

184 2704 248 2734 512
272 2703 452 2747 δουράτεον]
477 2707 518 2737 of.
543 2716 592 2737 VS.
614 2708 689 2737 493.
716 2704 729 2747 ΙΙ
758 2709 830 2746 ἥατο
852 2714 889 2737 n⁰
907 2705 985 2750 220]

140 2759 221 2787 εἵατο
247 2758 343 2788 codd.

182 2810 246 2841 513
271 2812 429 2852 Ἀργείων]
454 2814 583 2853 Ἀργεῖοι
608 2813 774 2842 meliores.

183 2862 247 2893 516
271 2864 378 2902 αἰπὺν]
405 2864 447 2894 ef.
472 2872 509 2893 110
535 2866 585 2895 75.

182 2915 246 2947 517
271 2917 338 2955 sq]
363 2918 428 2946 vid.
455 2917 497 2946 ad
521 2918 538 2946 ὁ
564 2918 638 2948 276.

182 2969 247 3000 522
270 2970 412 3012 παρειάς]
437 2971 503 3000 vid.
531 2971 573 3000 ad
597 2974 633 3000 X
653 2971 729 3000 491.

183 3022 247 3053 524
270 3033 301 3052 τε
336 3016 426 3065 έᾶῆς]
462 3024 576 3053 hiatus
607 3023 776 3060 notabilis,
806 3025 848 3054 cf.
880 3031 917 3053 no
942 3025 983 3054 44

138 3077 172 3105 et
206 3076 248 3104 ad
279 3077 314 3105 A
339 3077 413 3105 533.
445 3073 457 3116 ΙΙ
495 3076 653 3118 πρόσθεν]
685 3078 882 3119 προπάροιθε
908 3078 983 3109 GM

137 3128 212 3169 alii3
238 3128 279 3158 cf.
304 3128 346 3159 ad.
372 3131 406 3158 Φ
431 3129 503 3162 567.

1102 2442 1166 2473 525
1202 2439 1369 2484 τεκέεσσιν]
1411 2442 1540 2484 ὤρεσσιν
1580 2443 1795 2473 Callistratus
1829 2443 1905 2473 coll.

1056 2499 1084 2525 E
1105 2498 1180 2526 486.

1101 2547 1263 2588 526-529]
1279 2548 1341 2578 hos
1355 2557 1475 2578 versus
1485 2549 1619 2588 spurios
1629 2549 1759 2579 ducunt
1767 2549 1906 2579 Nitzsch

1055 2602 1225 2638 Kammer,
1260 2609 1379 2631 versus
1416 2602 1562 2632 526-530
1595 2604 1774 2641 suspectos
1806 2603 1906 2632 vocat

1054 2655 1180 2685 Nauck.

1098 2706 1162 2738 526
1193 2709 1386 2749 ἀσπαίροντα
1413 2707 1523 2737 ἰδοῦσα
1548 2705 1696 2747 P¹YZ¹J
1726 2708 1820 2750 -ροντ’
1844 2710 1903 2738 ἐσι-

1053 2761 1151 2790 δοῦσα
1176 2760 1289 2790 ceteri.

1097 2812 1160 2843 529
1184 2813 1313 2855 εἴρερον]
1338 2811 1538 2850 servitutem3
1567 2813 1782 2850 vocabulum,
1811 2814 1903 2852 quod

1052 2866 1093 2895 ab
1118 2867 1206 2906 εἴρειν
1230 2862 1283 2906 (n0
1310 2863 1389 2906 277)
1421 2866 1602 2897 deducitur
1626 2876 1688 2906 per
1711 2867 1902 2906 reduplica-

1050 2919 1197 2955 tionem,
1233 2919 1314 2948 alibi
1346 2928 1411 2948 non
1444 2921 1624 2958 reperitur.
1662 2917 1676 2961 ss
1708 2920 1832 2959 ἐχέμεν]
1858 2920 1901 2949 cf.

1050 2978 1088 3000 n0
1116 2972 1188 3001 126.

1096 3022 1160 3054 530
1185 3024 1325 3065 παρειαί]
1351 3024 1417 3054 vid.
1443 3025 1486 3054 ad
1510 3028 1546 3055 X
1569 3026 1644 3056 491.

1095 3075 1175 3115 534]
1202 3085 1268 3107 om.
1293 3074 1347 3114 U¹,
1368 3079 1446 3118 post
1472 3078 1535 3110 535
1560 3078 1664 3110 habet
1685 3076 1740 3116 (ἔτι,
1764 3078 1902 3110 damnat

1051 3129 1215 3169 PKnight.
