2068 3390
776 925 847 963 ΘΛ
854 926 1104 964 ΤΣΣΕΙΑΣ
1132 939 1183 980 μ.

576 1097 850 1138 Ἀλκινόου
894 1097 1159 1152 άπόλογοι
1202 1096 1367 1151 (ι-μ).

318 1453 364 1482 Τὰ
387 1453 455 1494 περὶ
480 1454 629 1494 Σειρήνων
653 1453 715 1490 (vs.
742 1453 855 1492 1-200)
886 1455 936 1484 καὶ
959 1456 1093 1492 Σκύλλης
1117 1455 1168 1484 καὶ
1193 1453 1374 1496 Χαρύβδιος
1398 1453 1460 1491 (vs.
1484 1449 1647 1495 201-259)

651 1506 701 1536 καὶ
725 1511 784 1536 τῶν
804 1507 914 1537 “Ηλίου
936 1511 1017 1548 βοῶν
1041 1504 1104 1548 (vs.
1130 1508 1193 1537 260
1219 1507 1316 1545 sqq).

134 1770 218 1805 XII

308 1765 462 1819 »αὐτὰρ
501 1765 583 1806 ἐπεὶ
612 1763 797 1818 ποταμοῖ’
834 1765 938 1806 ἔλιπε
970 1766 1065 1820 ῥόον
1091 1763 1297 1806 Ὠκεανοῖο

245 1848 359 1894 νηῦς,
389 1841 467 1882 ἀπὸ
501 1840 535 1882 δ’
573 1843 672 1882 ἵκετο
705 1848 812 1894 κῦμα
843 1842 1048 1894 θαλάσσης
1080 1842 1316 1896 εὐρυπόροιο

240 1918 365 1970 νῆσόν
397 1915 422 1957 τ’
460 1918 621 1970 Αἰαίην,
653 1918 722 1958 ὅθι
752 1915 780 1957 τ’
809 1915 926 1966 Ἠόος
957 1917 1176 1972 ἠριγενείης

243 1995 380 2034 ,Ροικία
410 1994 477 2035 καὶ
507 1996 618 2049 χοροί
647 1996 719 2035 εἰσι
749 1994 815 2035 καὶ
847 1994 1006 2035 ἀντολαὶ
1032 1992 1214 2047 Ἠελίοιο,

180 2080 197 2110 5
244 2076 322 2122 νῆα
354 2069 424 2123 μὲν
458 2068 540 2111 ἔνθ’
576 2070 756 2119 ἐλθόντες
790 2070 997 2123 ἐκέλσαμεν
1029 2070 1070 2110 ἐν
1102 2071 1344 2123 ψαμάθοισι,

244 2146 285 2187 ἐκ
318 2145 359 2187 δὲ
391 2146 456 2187 καὶ
488 2146 601 2187 αὐτοὶ
633 2146 779 2200 ἔβημεν
811 2146 874 2186 ἐπὶ
905 2147 1064 2200 ῥηγμῖνι
1094 2147 1311 2199 θαλάσσης·

1529 2077 1548 2108 5
1569 2087 1620 2117 sq.
1634 2093 1676 2106 =
1690 2090 1700 2109 ι
1720 2078 1783 2109 546
1806 2087 1857 2116 sq.

1531 2154 1587 2183 6-8
1607 2166 1650 2179 =
1669 2165 1679 2182 ι
1700 2152 1762 2182 150
1783 2160 1856 2191 sqq.

244 2222 346 2263 ἔνθα
378 2220 414 2263 δ’
453 2222 735 2276 ἀποβρίξαντες
768 2222 974 2274 ἐμείναμεν
1000 2220 1100 2263 Ἠόα
1133 2223 1235 2262 δῖαν.

302 2294 436 2351 ,,ἧμος
468 2296 503 2338 δ’
541 2295 717 2353 ἠριγένεί
757 2298 886 2350 ἐφάνη
919 2299 1206 2352 ῥοδοδάκτυλος
1238 2295 1353 2350 Ἠὼς,

140 2482 190 2512 De
222 2482 286 2512 hoc
316 2481 403 2512 libro
427 2481 494 2512 vid.
519 2482 562 2512 ad
586 2481 719 2512 initium
745 2481 823 2511 libri
847 2493 873 2511 κ.
896 2482 945 2511 Ea

95 2535 221 2573 quibus
251 2535 359 2565 Ulixis
390 2535 432 2564 ad
461 2535 589 2565 inferos
621 2535 685 2565 iter
714 2534 774 2572 (vs.
802 2534 841 2564 17
868 2535 944 2573 cet.)

94 2588 148 2618 vel
170 2588 337 2626 Cyclopea
358 2587 418 2625 (vs.
440 2588 502 2618 209
524 2588 612 2626 sqq.)
633 2587 814 2626 respicitur
838 2596 856 2617 a
873 2587 943 2617 dia-

94 2642 250 2671 sceuasta
273 2642 352 2670 sunt
375 2640 516 2670 adiecta.

140 2693 157 2723 1
183 2694 261 2732 -μοῖ’
289 2693 387 2732 ἔλιπε]
413 2699 497 2731 -μοῖο
520 2696 586 2723 λίπε
613 2693 726 2729 codd.;
752 2693 794 2722 of.
810 2700 848 2722 n⁰
870 2693 922 2722 59.

139 2746 159 2776 3
190 2743 255 2788 sq.]
293 2755 360 2785 quo
395 2755 498 2776 sensu
536 2746 586 2776 sol
620 2755 660 2776 ex
693 2746 809 2776 Circae
834 2746 944 2776 insula

95 2808 244 2838 surgere,
268 2800 397 2829 Aurora
421 2800 534 2829 autem
559 2799 606 2828 ibi
624 2799 778 2829 habitare
802 2799 944 2836 dicatur,

94 2861 215 2891 parum
249 2852 367 2889 liquet.
397 2851 555 2881 Fortasse
587 2851 877 2890 acquiescendum
909 2851 943 2880 in

93 2905 213 2935 scholii
245 2904 480 2943 explicatione,
509 2904 584 2946 πρὸς
605 2906 763 2946 σύγκρισιν
787 2909 842 2934 τοῦ
867 2904 944 2944 ᾅδου

92 2957 176 2987 haec
202 2957 292 2986 diei:
312 2965 381 2986 cum
404 2965 442 2986 ex
461 2955 622 2986 tenebrosa
643 2955 880 2986 Cimmeriorum
893 2966 942 2986 re-

87 3009 190 3050 yione,
225 3008 258 3038 in
281 3018 343 3048 qua
366 3007 410 3038 ad
431 3007 555 3048 inferos
571 3010 664 3048 patet
685 3007 803 3045 aditus,
828 3007 941 3039 rediis-

89 3071 190 3093 semus
213 3061 247 3092 in
271 3061 379 3092 lucem.
404 3061 470 3092 Sed
495 3062 723 3100 antiquissimi
744 3062 853 3100 mythj
878 3061 942 3091 hoe

92 3125 167 3146 esse
197 3115 390 3154 vestigium,
418 3123 540 3154 nempe
571 3114 665 3145 solem
699 3115 842 3145 indicari
866 3116 943 3153 post

1011 2481 1076 2512 iter
1100 2481 1359 2511 subterraneum
1383 2477 1464 2522 (vid.
1484 2480 1527 2510 ad
1545 2483 1561 2509 λ
1583 2480 1646 2510 565
1668 2488 1741 2518 sqq.
1762 2492 1783 2517 μ
1799 2480 1861 2510 129

1012 2531 1102 2576 sqq.)
1138 2532 1172 2563 in
1206 2532 1323 2564 oriente
1358 2533 1469 2563 denuo
1512 2534 1754 2571 emergentem,
1789 2533 1860 2563 veri

1012 2589 1064 2617 est
1086 2587 1245 2617 similius.
1271 2586 1320 2616 Cf.
1345 2599 1360 2616 ο
1384 2587 1458 2617 404.

1056 2639 1077 2669 3
1097 2640 1190 2673 Ἠόος
1214 2646 1251 2668 n0
1276 2639 1332 2677 77]
1354 2639 1457 2674 Ἠοῦς.

1053 2691 1076 2722 4
1106 2691 1245 2730 ἀντολαὶ]
1283 2691 1373 2730 apud
1407 2692 1543 2730 poetam
1579 2699 1646 2721 non
1680 2691 1778 2727 redit,
1815 2691 1858 2721 cf.

1010 2745 1181 2775 ἀνατέλλειν
1204 2747 1232 2774 Ε
1255 2745 1328 2775 777.

1055 2796 1152 2836 5-16]
1177 2797 1280 2827 verba
1305 2797 1469 2836 ἐκέλσαμεν
1489 2815 1530 2818 -
1545 2797 1701 2836 διείπομεν
1721 2797 1859 2827 damnat

1009 2851 1192 2881 Duentzer.

1054 2901 1073 2933 5
1100 2902 1276 2942 ἐκέλσαμεν]
1303 2905 1473 2945 ἐρύσσαμεν
1497 2903 1536 2933 G.

1054 2955 1089 2993 6]
1122 2955 1249 2985 habent
1278 2955 1403 2993 FHM,
1437 2964 1502 2986 om.
1540 2956 1660 2986 GPX.
1697 2953 1710 2996 ΙΙ
1748 2956 1858 2996 ἔβημεν

1009 3008 1179 3046 PKnight]
1204 3013 1308 3048 ρ’ῆμεν.

1054 3060 1072 3092 ἰ
1096 3062 1176 3090 ‘aaa
1200 3067 1238 3090 no
1264 3062 1282 3091 2
1309 3063 1343 3091 et
1369 3059 1425 3099 Γ17]
1447 3061 1520 3091 Ἠῶ.

1053 3113 1072 3143 8
1099 3113 1231 3156 ἠριγένεί
1261 3113 1372 3154 ἐφάνη]
1400 3126 1478 3144 -νεια
1502 3115 1583 3154 φάνη
1607 3112 1702 3143 codd.
