2035 3406
184 213 269 255 546
955 231 1011 237 —

1114 230 1171 235 —-
1794 209 1949 248 [Σπονδαί

182 369 313 405 XXIV

327 438 460 483 ,Ρεῖδός
491 452 528 475 τε
562 435 726 488 μέγεθός
760 450 797 473 τε
836 433 1025 484 ἀμείνονα
1052 429 1170 483 ’θῆκε
1202 426 1430 470 Ῐιδέσθαι.”

385 358 448 413 ,,ὦ
480 361 611 413 πάτερ,
643 356 666 412 ἦ
701 360 802 411 μάλα
836 360 891 406 τίς
925 370 965 397 σε
997 362 1104 396 θεῶν
1138 355 1408 408 αἰειγενετάων

1618 428 1701 456 374“
1726 439 1768 451 =
1796 430 1821 457 B
1848 429 1887 458 58

221 523 281 556 375
388 513 454 552 τὸν
488 509 525 551 δ’
562 506 613 550 αὖ
648 509 827 562 Λαέρτης
860 506 1109 559 πεπνυμένος
1143 506 1278 545 ἀντίον
1310 504 1426 557 ηὔδα·

329 589 404 639 ,,α“ι“
433 587 520 640 γὰρ,
553 590 630 625 Ζεῦ
662 601 700 625 τε
732 585 850 637 πάτερ
883 583 949 623 καὶ
984 582 1175 634 Ἀθηναίη
1210 581 1276 621 καὶ
1298 580 1505 627 Ἄπολλον,

1616 590 1679 619 376
1704 605 1747 617 =
1776 595 1801 621 B
1834 592 1897 622 371

328 660 408 710 οἷος
441 663 622 714 Νήρικον
655 657 758 700 εἷλον
793 659 836 699 ἐὺ
869 660 1051 710 κτίμενον
1085 658 1334 708 πτολίεθρον,

328 739 449 789 ἀκτὴν
481 738 670 790 ἠπείροιο,
702 736 999 787 Κεφαλλήνεσσι
1031 734 1262 784 Ῐανάσσων,

328 819 429 861 τοῖος
463 813 536 853 ε’ών
569 829 627 852 τοι
661 812 794 864 χθιζὸς
830 810 870 850 ἐν
903 809 1122 862 ἡμετέροισι
1156 809 1309 860 δόμοισι

220 900 282 930 380
328 887 575 941 τεύχε’·ἒχων
609 888 773 939 ὤμοισιν
808 886 1065 937 ἐφεστάμεναι
1098 884 1164 924 καὶ
1198 883 1364 935 ἀμύνειν

328 965 474 1017 ἄνδρας
513 969 747 1015 μνηστῆρας·
781 970 832 1017 τῷ
865 961 908 1000 κέ
942 973 1054 1011 σφων
1088 956 1243 1013 γούνατ’
1280 958 1398 997 ἔλυσα

327 1045 480 1080 πολλῶν
515 1039 556 1079 ἐν
589 1039 806 1091 μεγάροισι,
838 1038 886 1077 σὺ
920 1036 962 1077 δὲ
994 1036 1144 1089 φρένας
1177 1036 1292 1075 ἔνδον
1325 1030 1508 1085 ἰάνθης.”

386 1112 436 1163 ὧς
469 1118 507 1155 οἳ
538 1113 608 1166 μὲν
641 1120 802 1154 τοιαῦτα
834 1113 933 1166 πρὸς
966 1112 1160 1164 ἀλλήλους
1194 1110 1397 1164 ἀγόρευον.

327 1194 365 1231 οἳ
395 1189 430 1230 δ’
469 1190 549 1230 ἐπεὶ
583 1185 655 1229 οὖν
682 1187 903 1229 ’παύσαντο
932 1189 1059 1228 πόνου
1085 1185 1304 1227 ’τετύκοντό
1332 1201 1369 1225 τε
1398 1186 1524 1235 δαῖτα,

219 1277 279 1307 385
327 1266 448 1317 ἑξείης
481 1265 609 1313 ἕζοντο
643 1264 741 1304 κατὰ
773 1265 959 1315 κλισμούς
991 1279 1029 1302 τε
1061 1263 1238 1315 θρόνους
1270 1277 1318 1301 τε.

1614 1203 1677 1232 384
1702 1217 1745 1229 =
1769 1213 1792 1232 π
1816 1203 1879 1233 478

1615 1277 1678 1306 385
1703 1291 1746 1304 =
1770 1289 1790 1306 α
1816 1277 1877 1306 145

328 1339 407 1381 ἔνθ’
445 1343 482 1380 οἳ
514 1339 584 1392 μὲν
618 1341 764 1396 δείπνῳ
797 1340 1024 1392 ἐπεχείρεον·
1059 1338 1271 1392 ἀγχίμολον
1305 1336 1347 1377 δὲ

327 1413 412 1469 ἦλθ’
450 1416 470 1456 ὁ
503 1416 627 1470 γέρων
662 1417 816 1467 Δολίος,
852 1416 925 1455 σὺν
958 1413 993 1454 δ’
1031 1411 1114 1462 υἷες
1145 1419 1225 1454 τοῖο
1260 1413 1454 1467 γέροντος,

329 1493 369 1533 ἐκ
401 1492 556 1545 ,Ρέργων
589 1491 807 1545 μογέοντες,
839 1490 921 1530 ἐπεὶ
953 1487 1196 1543 προμολοῦσ’
1235 1489 1413 1529 ἐκάλεσσε

326 1569 450 1621 μήτηρ
483 1575 605 1621 γρηῦς
637 1561 796 1618 Σικελὴ,
826 1567 850 1618 ἤ
883 1579 986 1617 σφας
1019 1565 1150 1619 7τρέφε
1183 1567 1252 1605 καί
1282 1566 1330 1618 ῥα
1362 1564 1525 1618 γέροντα

220 1654 283 1685 :390
331 1643 522 1691 ἐνδυκέως
550 1641 786 1694 ’κομέεσκεν,
818 1642 900 1682 ἐπεὶ
932 1641 1030 1681 κατὰ
1062 1648 1185 1695 γῆρας
1218 1641 1381 1693 ἕμαρψε.

328 1722 366 1759 οἳ
397 1717 433 1759 δ’
471 1718 522 1766 ὡς
555 1714 629 1758 οὖν
657 1716 820 1771 Ὀδυσῆ’
859 1718 996 1758 ε’.)ῑιδον
1023 1716 1267 1771 ’φράσσαντό
1300 1733 1338 1756 τε
1370 1721 1503 1772 θυμῷ,

329 1795 442 1834 ἔσταν
475 1793 532 1833 ἐνὶ
564 1795 766 1847 μεγάροισι
798 1794 1024 1846 τεθηπότες·
1060 1793 1183 1846 αὐτὰρ
1214 1791 1427 1840 Ὀδυσσεὺς

327 1871 542 1922 μειλιχίοισι
573 1869 735 1909 ,Ρέπεσσι
767 1870 1071 1921 καθαπτόμενος
1103 1867 1349 1922 προσὲῐειπε·

1611 1882 1674 1911 393
1701 1882 1744 1912 cfi
1769 1887 1790 1923 β
1815 1884 1855 1912 39

387 1976 409 1997 ,,
422 1941 450 1984 ὦ
468 1944 596 1998 γέρον,
612 1943 657 1993 ἵζ’
680 1945 742 1984 ἐπὶ
761 1947 936 1997 δεῖπνον,
952 1944 1271 1984 ἀπεκλελάθεσθε
1289 1942 1330 1983 δὲ
1346 1944 1542 1996 θάμβευς·

221 2030 281 2060 395
330 2021 482 2073 δῐηρὸν
516 2020 589 2074 γὰρ
624 2022 714 2077 σίτῳ
748 2021 987 2074 ἐπιχειρῆσαι
1021 2027 1217 2072 μεμαῶτες

328 2097 519 2147 μίμνομεν
553 2096 593 2135 ἓν
627 2094 844 2149 μεγάροισ’,
876 2093 978 2148 ὗμας
1011 2095 1283 2149 ποτιδέγμενοι
1315 2093 1428 2135 αἰεί.”

389 2167 440 2219 ὦς
473 2170 527 2225 ἄρ’
565 2172 652 2224 ἔφη·
687 2174 828 2220 Δολίος
862 2170 899 2212 δ’
936 2173 1029 2220 ἰθὺς
1059 2170 1130 2212 ’κίε
1163 2176 1262 2225 χεῖρε
1293 2172 1486 2219 πετάσσας

227 2327 291 2358 374
314 2325 472 2370 ἀμείνονα]
499 2330 641 2366 ἀμύμονα
666 2330 747 2359 MY.

228 2380 290 2411 377
317 2382 465 2423 Νήρικον]
488 2382 521 2410 in
543 2381 739 2418 Acarnania,
753 2383 794 2411 of.
809 2382 914 2412 Thuc.
929 2382 980 2411 III
996 2383 1023 2412 7.

186 2437 316 2474 Νήριτον
351 2432 429 2473 (vid.
466 2434 508 2463 ad
545 2447 564 2463 α
603 2432 680 2475 186)
722 2435 899 2472 Lupercus
934 2435 1025 2473 apud

184 2486 297 2523 Steph.
331 2487 409 2524 Byz.
442 2496 467 2516 s.
499 2496 541 2522 v.‚
566 2496 667 2524 quam
698 2487 878 2516 lectionem
904 2487 1024 2516 Strabo

181 2541 422 2568 commemorat
448 2544 466 2568 I
490 2541 529 2568 59
556 2542 590 2568 X
613 2541 687 2578 452,
712 2540 850 2569 damnat
871 2543 905 2569 X
927 2541 1000 2569 454.

225 2590 289 2621 378
313 2592 421 2629 ἀκτὴν]
448 2593 542 2630 ἀκτήν
567 2592 591 2621 τ’
620 2593 766 2622 coniecit
789 2593 908 2631 Bothe,
933 2594 1025 2630 ἀκτῆς

180 2645 360 2674 Duentzer.

223 2695 286 2726 379
312 2697 380 2734 ἐών]
406 2699 455 2734 ἔην
481 2698 624 2727 coniecit
647 2698 766 2727 Bothe.

223 2747 286 2777 380
312 2751 511 2788 ἐφεστάμεναι
575 2747 713 2791 ἀμύνειν]
740 2751 781 2780 de
802 2751 966 2780 infinitivo
981 2751 1022 2779 Cf.

183 2813 197 2838 η
223 2802 297 2830 313

227 2852 288 2882 381
316 2851 437 2892 *οφων]
465 2866 572 2894 σφεων.

227 2904 291 2934 382
315 2907 424 2943 ἰάνθης
447 2903 556 2947 Eust]
583 2909 703 2944 ἐγήθεις
731 2908 827 2937 codd.

228 2954 306 2998 385]
330 2958 467 2987 damnat
493 2959 650 2988 Grashof.

227 3008 290 3039 386
315 3011 501 3051 ἐπεχείρεον]
527 3012 659 3040 nonnisi
682 3021 731 3041 vs.
757 3013 819 3042 395
845 3013 932 3041 redit
953 3022 1023 3041 ver-

186 3061 264 3089 bum
290 3063 323 3089 in
347 3063 443 3091 Hom.

229 3111 292 3142 387
329 3111 395 3150 ἦλθ’
435 3114 464 3151 ὁ]
499 3112 574 3151 ἦλθε
611 3112 673 3154 (sie
710 3116 808 3156 Un)?
847 3114 858 3156 ΙΙ
900 3116 1023 3153 Δολίος]

1091 2329 1159 2359 vid.
1187 2341 1209 2358 (υ
1235 2329 1298 2358 222
1324 2329 1357 2358 Θῒι
1385 2328 1427 2357 ad
1451 2328 1467 2357 δ
1495 2328 1568 2358 735.
1599 2325 1611 2368 ΙΙ
1641 2325 1701 2363 υἷες
1725 2335 1763 2357 110
1789 2328 1845 2366 ’78]
1870 2331 1941 2363 υἱεῖς

1092 2383 1189 2412 codd.
1216 2399 1256 2402 -
1283 2382 1367 2411 Cum
1391 2382 1432 2411 iis
1464 2390 1550 2419 quae
1581 2381 1616 2410 in
1641 2381 1728 2411 libro
1752 2393 1774 2420 χ
1802 2381 1843 2411 de
1869 2380 1938 2411 sple-

1091 2434 1208 2464 lanthz‘i
1239 2437 1272 2465 et
1296 2434 1480 2464 Melanthus
1512 2436 1620 2463 m'orte
1650 2436 1832 2464 narrantur
1861 2443 1939 2464 con-

1092 2488 1199 2517 oiliari
1222 2488 1307 2517 haec
1332 2488 1517 2525 nequeunt.

1136 2539 1199 2569 388
1237 2538 1284 2579 ἐκ]
1322 2539 1351 2573 ἐξ
1387 2539 1482 2569 codd.
1510 2537 1535 2579 ss
1577 2540 1763 2581 προμολοῦσ’
1798 2542 1940 2570 ἐκάλεσσε

1092 2589 1170 2633 Uq]
1196 2603 1250 2621 -σα
1275 2605 1301 2622 κ.
1324 2592 1489 2630 plerique.

1136 2644 1199 2675 389
1232 2641 1336 2686 γρηῦς]
1373 2645 1440 2674 vid..
1465 2645 1508 2674 ad
1533 2656 1549 2674 τ
1575 2646 1648 2675 346.
1679 2642 1692 2685 Η
1726 2641 1846 2687 Σικελὴ]
1872 2644 1939 2675 Vid.

1091 2698 1132 2727 ad
1158 2710 1175 2727 v
1200 2699 1274 2727 383.
1306 2695 1318 2738 ΙΙ
1349 2694 1463 2738 *σφας]
1491 2708 1593 2737 σφεας.

1135 2749 1200 2779 390
1223 2746 1361 2791 ἕμαρψε]
1386 2751 1539 2791 ἔμαρπτεν
1563 2750 1659 2779 Eust.

1135 2801 1198 2832 391
1221 2803 1342 2840 Ὀδυσῆ’
1373 2796 1498 2840 gftdov]
1524 2807 1598 2840 -σῆα
1622 2803 1688 2832 ἴδον
1712 2802 1809 2832 codd.

1135 2853 1200 2884 393
1224 2857 1399 2893 μειλιχίοισι
1424 2850 1577 2894 fe'nwm]
1607 2866 1665 2887 -οις
1690 2855 1810 2884 ἐπέεσσι
1843 2854 1939 2884 codd.

1136 2906 1200 2936 394
1232 2907 1503 2945 ἀπεκλελάθεσθε]
1541 2916 1607 2936 non
1643 2907 1733 2936 redit
1768 2916 1878 2945 comp.
1922 2904 1934 2946 ΙΙ

1094 2955 1245 2999 θάμβευς]
1272 2959 1380 2988 forma
1404 2959 1552 2994 novicia3
1581 2959 1623 2989 cf.
1649 2965 1686 2988 n⁰
1715 2960 1765 2988 71.

1136 3010 1200 3041 395
1225 3008 1453 3053 *ἐπιχειρῆσαι]
1468 3023 1545 3041 -σειν
1567 3011 1680 3047 codd.;
1694 3011 1760 3041 vid.
1779 3011 1821 3040 ad
1835 3014 1863 3040 B
1877 3011 1940 3040 544

1092 3066 1126 3093 et
1150 3064 1191 3093 de
1216 3064 1291 3102 ipso
1315 3064 1420 3093 verbo
1445 3064 1487 3093 ad
1512 3076 1535 3093 ω
1561 3065 1634 3094 386.

1136 3115 1200 3146 396
1228 3114 1342 3153 *ὖμας]
1369 3116 1469 3154 ὑμέας.
