2035 3406
121 189 209 232 216

264 414 483 467 τήλέπυλον
515 419 852 471 Λαιστρυγονίην,
884 418 955 458 ὅθι
985 417 1155 470 ποιμένα
1186 417 1336 469 ποιμὴν

994 205 1024 234 κ

1475 199 1540 238 [Τὰ
1563 201 1631 241 περὶ
1655 201 1894 242 Λαιστρυγόνων

265 339 463 395 ἑβδομάτῃ
497 338 534 380 δ’
572 341 765 394 ἱκόμεσθα
800 339 944 393 Λάμοί
981 341 1079 381 αἰπὺ
1112 341 1364 394 πτολίεθρον,

1563 428 1622 457 82⁵
1646 427 1691 457 cf.
1714 435 1743 467 ψ
1764 429 1826 458 318

266 491 385 543 ἠπύει
418 493 615 546 εἰσελάων,
649 492 669 533 ὃ
704 493 747 534 δέ
778 491 804 533 τ’
843 493 1010 543 ἐξελάων
1039 494 1244 535 ὑπακούει.

263 567 365 608 ἔνθα
398 567 437 609 κ’
475 568 630 618 ἄυπνος
663 569 765 624 ἀνὴρ
799 571 936 619 δοιοὺς
967 570 1121 625 ε’ξήρετο
1155 571 1341 623 μισθοὺς,

176 653 216 683 85

264 643 332 684 τὸν
364 643 436 697 μὲν
467 645 706 699 βουκολέων,
738 646 806 686 τὸν
839 644 877 686 δ’
913 646 1075 701 ἄργυφα
1105 651 1209 700 μῆλα
1242 648 1436 699 νομεύων·

263 719 378 773 ἐγγὺς
411 721 484 774 γὰρ
517 722 658 770 νυκτός
690 738 729 762 τε
761 721 828 762 καὶ
859 722 1007 774 ἤματός
1040 724 1113 763 εἰσι
1145 723 1340 763 κέλευθοι.

367 796 385 810 5!
434 795 444 809 9
473 797 483 811 7
536 797 544 811 l
582 797 592 811 5
716 796 725 810 1
906 798 914 812 l
979 798 999 813 >l
1182 797 1201 812 (1
1286 797 1295 812 1
1393 796 1402 811 1

322 826 345 847 „
363 801 438 836 ενθ
466 812 548 837 επει
575 813 612 845 ες
639 801 776 849 λιμενα
804 802 947 838 κλυτον
974 802 1166 851 ηλθομεν,
1183 815 1229 838 ον
1246 814 1336 852 περι
1353 813 1473 851 πετρη

1565 807 1606 837 87
1632 806 1675 836 cf.
1698 818 1714 836 ο
1738 807 1801 837 472

263 870 446 924 ἠλίβατος
478 874 660 925 τετύχηκε
693 872 904 927 διαμπερὲς
937 873 1211 928 ἀμφοτέρωθε,

263 946 377 987 ἀκταὶ
409 947 451 987 δὲ
482 951 698 1002 προβλῆτες
733 948 909 989 ε’ναντίαι
941 949 1129 1006 ἀλλήλῃσι

174 1031 216 1062 90

263 1022 305 1062 ἐν
337 1024 495 1075 στόματι
527 1023 750 1077 προέχουσι,
781 1025 933 1079 ,Ραραιὴ
966 1022 1001 1065 δ’
1040 1025 1193 1074 εἴσοδός
1226 1025 1316 1077 ἔστι,

264 1096 347 1138 ἕνθ’
383 1100 427 1139 οἴ
450 1098 479 1153 γ’
518 1101 608 1140 εἴσω
641 1101 783 1150 πάντες
816 1101 905 1154 ἕχον
937 1100 1029 1150 νέας
1060 1101 1360 1154 ἀμφιῗελίσσας.

263 1177 306 1214 αἳ
337 1174 409 1227 μὲν
441 1174 497 1229 ἄρ’
535 1177 724 1218 ἔντοσθεν
754 1177 910 1230 λιμένος
942 1176 1074 1218 κοίλοί
1112 1178 1284 1218 ἐδίδεντο

157 1316 196 1346 81
232 1318 343 1355 Λάμοι’
384 1325 422 1347 n0
459 1318 516 1356 59]
559 1320 682 1356 Λάμου.
726 1318 776 1348 De
817 1319 968 1357 genitivo

111 1367 344 1410 (explicativo)
380 1371 445 1401 vid.
482 1374 510 1401 B
542 1372 605 1401 538
640 1374 667 1401 Ε
698 1372 760 1401 642
793 1384 812 1401 α
838 1373 856 1402 2
883 1374 966 1409 etc.;

112 1433 173 1462 pro
198 1422 281 1464 reqis
304 1424 439 1454 nomine
464 1433 531 1454 non
554 1426 647 1454 recte
671 1424 866 1455 habuerunt
889 1434 967 1464 pos-

113 1477 188 1513 teri,
223 1486 251 1507 e.
283 1486 315 1515 g.
350 1477 445 1508 Ovid.
479 1479 617 1507 Metam.
650 1478 726 1508 XIV
760 1479 841 1509 233:
877 1477 970 1508 Lami

114 1531 244 1559 veterem
275 1528 512 1569 sttryyonis,
536 1528 649 1569 inquit,
674 1529 708 1559 in
734 1529 837 1561 urbem
859 1530 863 1571 Ι
884 1529 967 1561 veni-

115 1591 192 1611 mus.
214 1599 255 1603 ——
277 1583 443 1612 Cohaeret
464 1592 541 1612 cum
558 1583 622 1613 hoc
637 1583 773 1613 nomine
786 1584 969 1613 Homerico

115 1644 180 1665 vox
200 1634 324 1673 Lamia,
346 1645 413 1673 qua
433 1636 580 1675 posteris
600 1636 794 1666 indicantur
818 1638 970 1667 monstra

117 1688 292 1726 sanguinis
325 1688 466 1718 humani
503 1689 601 1718 avida
637 1686 705 1730 (Ar.
739 1690 838 1729 Vesp.
872 1690 969 1727 1035,

120 1742 216 1777 1177,
241 1741 322 1771 Hor.
348 1741 390 1770 ad
413 1742 525 1771 Pison.
553 1743 616 1772 340
641 1742 728 1780 etc.).

161 1792 203 1823 82
226 1794 407 1832 τηλέπυλον]
434 1795 656 1832 propriumne
675 1803 798 1824 nomen
813 1797 904 1825 esset
916 1792 970 1837 (ut

116 1854 143 1884 ψ
168 1848 230 1876 318
255 1847 329 1877 loco
354 1848 483 1886 spurio)
506 1857 547 1876 an
569 1848 745 1886 epitheton
766 1848 970 1878 dubitabant

116 1901 248 1929 veteres
257 1908 265 1935 ;
288 1900 352 1929 hoc
379 1908 456 1929 cum
482 1900 626 1938 Didymo
652 1901 771 1938 (schol.
796 1901 968 1940 Aristoph.

114 1953 192 1982 Pae.
219 1953 295 1991 757)
319 1955 436 1983 censet
448 1953 599 1990 Nitzsch,
613 1954 668 1983 cui
681 1954 746 1984 nisi
760 1954 969 1991 assentiaris,

115 2003 207 2034 Lami
230 2015 353 2036 nomen
372 2006 637 2036 incommodum.
660 2007 735 2037 Vid.
760 2007 803 2037 ad
827 2007 845 2036 δ
872 2008 922 2037 12.

160 2057 276 2097 83-86]
302 2059 398 2089 locus
422 2059 593 2096 notabilis,
622 2068 689 2097 quo
714 2060 896 2090 manifesto
920 2061 968 2090 al-

115 2111 244 2141 luditur
275 2112 317 2141 ad
348 2113 551 2150 praelongos
583 2113 667 2149 dies,
692 2113 818 2150 quibus
842 2114 877 2142 in
900 2114 967 2143 Eu-

114 2173 217 2202 ropae
246 2167 342 2203 parte
372 2165 632 2203 septentrionali
657 2166 787 2195 aestivo
814 2167 968 2205 tempore

114 2217 269 2247 homines
289 2219 449 2254 utuntur;
471 2227 582 2256 neque
602 2218 691 2256 fugit
704 2219 769 2248 hoc
785 2219 966 2249 Cratetem.

114 2271 180 2299 Per
213 2270 402 2300 Phoenicas
439 2272 554 2300 autem
589 2271 692 2301 huius
730 2272 779 2301 rei
812 2272 968 2302 notitiam

115 2323 158 2352 ad
200 2325 337 2362 poetam
380 2324 521 2361 eiusque
565 2324 726 2361 aequales
771 2325 968 2363 pervenisse

115 2376 337 2414 probabiliter
362 2377 483 2406 statuit
507 2377 740 2407 Muellenhoff.
768 2378 819 2407 Cf.
843 2378 968 2416 Helbig

114 2430 211 2458 Hom.
244 2427 348 2468 Epos¹
374 2439 407 2468 p.
436 2430 485 2459 15.
512 2430 677 2468 Opposita
701 2432 753 2460 est
777 2431 967 2460 narratiun-

115 2482 192 2511 cula
216 2482 257 2512 de
283 2482 475 2512 Cimmeriis
506 2483 541 2512 in
565 2484 732 2521 perpetua
759 2483 967 2514 obscuritate

115 2535 331 2564 versantibus
354 2538 369 2564 λ
396 2536 435 2565 15
462 2543 535 2573 sqq.

160 2586 201 2616 83
229 2588 331 2626 ἠπύει]
356 2589 460 2626 vocat;
481 2588 524 2618 cf.
545 2601 554 2618 ι
576 2590 638 2618 399
662 2585 758 2629 (nont
780 2587 967 2629 alloquitur,

115 2642 154 2669 ut
177 2641 267 2678 apud
291 2641 449 2679 tragicos,
473 2641 594 2671 Aesch.
620 2643 732 2671 Prom.
765 2642 839 2679 593,
864 2642 966 2681 Soph.

115 2692 165 2722 Ai.
199 2694 260 2723 887
295 2691 383 2734 eto).
420 2694 541 2724 Pastor
574 2695 637 2723 sub
671 2695 775 2724 finem
797 2695 864 2724 diei
890 2704 967 2725 cum

115 2745 236 2775 ovibus
259 2745 397 2775 domum
422 2746 557 2776 rediens
581 2749 700 2776 evocat
728 2747 873 2777 alterum
894 2748 966 2786 opi-

115 2798 240 2828 lionem
275 2799 333 2835 qui
367 2799 401 2828 in
432 2807 561 2837 pascuo
593 2800 708 2829 statim
743 2808 779 2829 se
802 2800 965 2838 excipiat3

115 2850 170 2880 hic
204 2853 344 2881 vocatus
380 2852 474 2881 audit
509 2852 679 2889 (ὑπακούει,
714 2853 756 2882 cf.
788 2853 805 2882 δ
831 2854 908 2890 283)
933 2855 967 2882 et

116 2904 206 2933 foras
238 2904 343 2942 igitur
374 2905 443 2942 agit
475 2914 574 2935 suum
602 2914 752 2943 gregem.
777 2906 851 2935 Non
874 2907 967 2936 recte

118 2958 262 2986 ὑπακούει
285 2956 318 2986 h.
343 2956 366 2986 1.
389 2957 475 2986 verti
500 2957 587 2987 solet
610 2957 774 2996 respondet
796 2954 874 2999 (per
894 2959 967 2997 pla—

116 3010 206 3039 team
229 3009 328 3039 alteri
350 3010 478 3048 pastori
503 3012 709 3048 occurrens).

161 3060 203 3091 84
227 3062 357 3101 ἄυπνος]
377 3062 487 3097 ἄοκνος
507 3073 538 3093 n.
558 3060 570 3103 Η
590 3062 709 3104 ἐξήρετο
723 3070 760 3093 n0
775 3063 855 3102 284]
869 3074 967 3105 -ρατο,

163 3113 219 3154 85]
257 3115 285 3144 si
319 3115 488 3155 genuinus
525 3117 576 3147 est
608 3125 737 3153 versae,
770 3118 872 3156 poeta
903 3116 968 3147 sibi

1036 1320 1133 1350 finxit
1168 1321 1428 1358 mercenarium,
1458 1321 1517 1359 qui
1548 1320 1658 1350 somni
1683 1329 1804 1359 expers
1827 1329 1890 1359 per

1036 1374 1179 1403 alteram
1210 1375 1343 1412 partem
1374 1378 1430 1403 τοῦ
1461 1373 1664 1415 νυχθημέρου
1687 1374 1802 1408 boves,
1827 1382 1889 1412 per

1036 1427 1179 1456 alteram
1203 1426 1354 1465 pecudes
1380 1426 1534 1456 eiusdem
1559 1426 1688 1456 domini
1713 1427 1870 1470 pasceret
1879 1434 1888 1462 3

1037 1479 1098 1509 sed.
1122 1480 1242 1518 postea
1263 1479 1418 1509 additum
1438 1488 1513 1509 esse
1532 1479 1631 1509 facile
1646 1479 1722 1518 quis
1735 1479 1888 1518 suspice-

1036 1533 1101 1561 tur.
1125 1533 1198 1562 Hoc
1221 1532 1310 1562 enim
1336 1532 1419 1561 dicit
1441 1533 1559 1570 poeta:
1583 1531 1682 1562 Lami
1703 1531 1805 1562 etiam
1827 1541 1889 1570 per

1036 1584 1113 1614 illas
1144 1584 1256 1620 horem,
1290 1584 1414 1622 quibus
1447 1584 1527 1614 alibi
1555 1584 1711 1615 homines
1736 1584 1890 1614 cubitum

1037 1639 1130 1674 eunt,
1161 1637 1326 1676 operandi
1349 1638 1612 1676 mercedemque
1636 1638 1789 1668 merendi
1814 1647 1889 1668 esse

1037 1690 1262 1727 occasionem,
1287 1699 1364 1720 cum
1385 1692 1553 1729 perpetua
1574 1691 1650 1720 luce
1663 1690 1711 1721 ibi
1724 1691 1889 1721 fruantur.

1083 1742 1140 1781 86]
1166 1743 1302 1773 videtur
1327 1743 1511 1781 significari
1530 1744 1565 1773 in
1582 1744 1640 1774 illa
1653 1744 1791 1782 regione
1804 1753 1889 1774 nun-

1037 1805 1139 1834 quam
1171 1797 1297 1827 oboriri
1328 1797 1592 1833 obscuritatem3
1626 1797 1687 1827 sed
1715 1806 1782 1827 non
1806 1797 1889 1827 satis

1036 1851 1179 1888 apparet
1215 1850 1385 1887 quomodo
1419 1851 1504 1880 haec
1537 1850 1706 1880 sententia
1732 1859 1749 1880 e
1774 1851 1889 1881 verbis

1036 1903 1145 1941 possit
1177 1903 1265 1932 elici.
1298 1903 1457 1933 Fortasse
1492 1904 1541 1933 sic
1566 1905 1646 1933 sunt
1669 1903 1888 1942 explicanda:

1036 1954 1106 1984 illic
1129 1953 1211 1985 enim
1235 1954 1303 1986 viae
1319 1954 1419 1985 noetis
1437 1957 1468 1986 et
1488 1954 1553 1986 diei
1572 1953 1694 1986 vicinae
1712 1957 1795 1992 sunt,
1815 1956 1836 1985 i.
1859 1965 1888 1986 e.

1035 2006 1161 2038 comites
1184 2006 1226 2038 ’ἰοὶ
1249 2010 1324 2038 eunt
1347 2017 1409 2038 nox
1432 2009 1462 2038 et
1477 2006 1562 2046 die33
1584 2008 1791 2038 coniunctim
1810 2017 1887 2047 pro-

1037 2061 1163 2090 cedunt
1193 2070 1255 2099 per
1287 2061 1431 2091 coelum.
1456 2061 1524 2091 Alii
1547 2062 1734 2100 explicant:
1760 2060 1888 2091 initium

1035 2112 1135 2143 noctis
1154 2112 1197 2143 ibi
1217 2112 1353 2144 vicinum
1377 2115 1423 2144 est
1445 2112 1511 2144 diez·
1533 2112 1637 2151 initio,
1658 2114 1678 2144 i.
1700 2123 1729 2144 e.
1749 2114 1887 2144 vixdum

1038 2167 1131 2197 venit
1159 2176 1225 2197 nox
1256 2169 1290 2197 et
1320 2168 1388 2197 iam
1414 2176 1522 2197 novus
1547 2167 1621 2197 dies
1644 2167 1797 2197 lucescit.
1822 2168 1888 2197 Alii

1036 2222 1202 2254 κελεύθους
1217 2220 1486 2258 interpretantur
1498 2220 1619 2249 itinera
1633 2229 1720 2258 quae
1733 2221 1888 2258 pastores

1036 2275 1070 2303 et
1091 2274 1194 2303 noctu
1219 2274 1253 2303 et
1276 2273 1426 2303 interdiu
1448 2273 1491 2302 ad.
1513 2282 1640 2311 pascua
1666 2273 1802 2303 faciant.
1821 2274 1887 2303 Alii

1037 2326 1184 2364 denique
1207 2325 1370 2356 reddunt:
1389 2334 1495 2364 prope
1512 2325 1633 2356 urbem
1650 2327 1730 2356 sunt
1741 2327 1886 2365 utraque

1037 2387 1174 2417 pascua.
1204 2379 1328 2408 Contra
1353 2378 1624 2417 explicationem,
1650 2387 1753 2417 quam
1777 2379 1886 2418 primo

1036 2432 1110 2461 loco
1125 2432 1291 2467 dedimus,
1305 2440 1371 2460 non
1384 2431 1519 2461 videtur
1531 2432 1645 2461 valere
1659 2432 1751 2469 quod
1764 2433 1887 2463 ceteris

1036 2485 1120 2515 locis
1154 2485 1345 2515 Homericis
1381 2487 1467 2522 ἐγγύς
1497 2485 1667 2523 significat
1688 2494 1787 2524 prope
1817 2484 1887 2526 (res

1035 2538 1232 2567 hominesve
1256 2537 1356 2566 modo
1380 2536 1574 2578 indicatos),
1597 2546 1663 2567 non
1687 2547 1767 2568 vero
1787 2547 1885 2568 usur-

1035 2592 1135 2628 patur
1158 2590 1199 2620 de
1224 2590 1264 2619 iis
1290 2598 1376 2628 quae
1401 2588 1517 2619 inter
1540 2599 1580 2620 se
1601 2588 1705 2620 vicina
1729 2591 1807 2621 sint.

1080 2642 1121 2673 87
1150 2642 1257 2680 λιμένα
1291 2642 1414 2680 κλυτὸν]
1451 2643 1543 2680 λιμέν’
1579 2643 1710 2673 ἄκλυτον
1745 2643 1886 2683 (portum

1034 2694 1184 2733 iynotum)
1233 2694 1442 2732 Megaclides
1489 2696 1597 2725 metro
1642 2695 1748 2726 invito
1794 2696 1885 2735 apud

1035 2748 1181 2785 Hesych.
1206 2756 1232 2777 S.
1257 2756 1287 2776 v.
1312 2747 1425 2785 λιμένα.

1080 2799 1120 2830 88
1142 2799 1304 2838 τετύχηκε]
1317 2808 1383 2830 non
1397 2800 1461 2829 nisi
1473 2800 1499 2830 P
1512 2801 1574 2830 748
1584 2801 1673 2831 redit
1682 2800 1884 2839 perfectum.

1079 2852 1122 2884 90
1141 2853 1330 2895 προέχουσιν
1347 2853 1389 2891 Ρ]
1411 2855 1612 2894 προύχουσιν.
1637 2851 1650 2894 Η
1671 2853 1802 2892 εἴσοδος]
1818 2862 1885 2883 non

1035 2906 1123 2935 redit
1147 2905 1238 2944 apud
1261 2907 1408 2944 poetam.
1436 2906 1486 2935 Cf.
1511 2906 1554 2936 ad
1579 2908 1595 2941 ζ
1617 2907 1690 2936 264.

1078 2957 1119 2988 91
1149 2957 1274 2996 πάντες]
1299 2960 1407 2998 βάντες
1430 2959 1468 2989 Χ.

1078 3010 1122 3041 92
1147 3009 1269 3041 *noli-⁰1?
1306 3011 1454 3049 ἐδέδεντο]
1484 3014 1598 3041 κοίλοιο
1630 3011 1751 3041 δέδεντο
1775 3011 1884 3048 codd„

1034 3063 1095 3094 sed
1123 3063 1463 3102 plusquamperfecto
1488 3063 1604 3093 nullus
1628 3065 1680 3094 est
1702 3063 1808 3094 locus.
1832 3065 1883 3094 De

1035 3116 1168 3147 ἐδέδεντο
1192 3116 1259 3147 vid.
1282 3128 1303 3154 μ
1331 3117 1371 3146 54
1396 3116 1428 3146 h.
1457 3116 1530 3147 Cer.
1556 3116 1619 3148 456
1645 3118 1679 3147 et
1701 3123 1739 3146 110
1765 3117 1837 3147 198.
