2068 3390
127 209 172 238 Τὰ
197 210 265 250 περὶ
290 209 426 248 Αἰόλου]
902 228 958 232 —

1053 229 1109 233 —
1795 212 1881 251 :213

177 355 216 390 X
273 346 354 389 ἕνθ’
393 350 415 390 ὅ
443 366 486 403 γε
518 350 740 405 θυγατέρας
769 350 905 405 ’πόρεν
942 355 1073 394 υἱάσιν
1106 353 1233 407 ἕμμεν’
1268 355 1425 404 ἀκοίτις.

272 426 311 465 οἳ
342 422 378 465 δ’
415 425 491 465 αἰεὶ
523 426 630 479 παρὰ
661 426 778 480 πατρὶ
810 429 911 484 φίλῳ
943 429 1010 468 καὶ
1043 429 1176 484 μητέρι
1207 432 1327 487 κεδνῇ

270 500 492 553 δαίνυνται,
521 501 629 555 παρὰ
660 501 703 542 δέ
735 514 830 554 σφιν
863 502 1018 544 ὀνείατα
1051 507 1172 559 μυρία
1204 511 1335 546 κεῖται·

183 583 224 614 10
269 581 429 627 κνισῆεν
464 575 507 616 δέ
542 592 580 617 τε
611 578 723 629 δῶμα
756 579 1064 632 περιστεναχίζεί
1102 580 1219 638 ἀοιδῇ

270 649 410 702 ἤματα·
442 652 587 700 νύκτας
620 650 656 692 δ’
692 647 786 693 αὖτε
816 652 903 707 παρ’
940 654 1111 711 αἰδοίῃσ’
1148 656 1321 709 ἀλόχοισι

270 724 431 767 εὕδουσ’
466 727 508 766 ἔν
541 743 580 768 τε
611 728 756 781 τάπησι
786 728 852 768 καὶ
884 729 926 769 ἐν
958 735 1128 783 τρητοῖσι
1158 731 1315 785 λέχεσσι.

269 800 334 841 καὶ
366 799 438 854 μὲν
469 810 546 842 τῶν
579 804 773 855 ἱκόμεσθα
804 805 920 845 πόλιν
951 805 1017 845 καὶ
1050 807 1208 859 δώματα
1241 809 1351 848 καλά.

269 883 376 928 μῆνα
408 876 451 917 δὲ
481 876 590 918 πάντ’
628 878 751 930 ἐφίλει
783 895 829 931 με
858 879 925 920 καὶ
957 880 1139 935 ἐξερέεινε
1168 882 1353 935 Ὲέκαστα,

182 961 221 992 15
269 953 402 993 Ρίλιον
433 956 612 1008 Ἀργεΐων
643 970 682 995 τε
713 954 805 1004 νέας
835 955 902 995 καὶ
933 956 1075 997 νόστον
1107 961 1279 1010 Ἀχαιῶν·

269 1028 336 1069 καὶ
367 1027 438 1081 μὲν
471 1030 544 1084 ε’γὼ
575 1039 627 1087 τῷ
660 1032 788 1071 πάντα
819 1032 918 1072 κατὰ
948 1037 1091 1086 μοῖραν
1122 1033 1313 1082 κατέλεξα.

1561 1050 1600 1079 16
1627 1050 1669 1079 cs.
1693 1062 1713 1087 μ
1741 1052 1780 1080 35

269 1101 346 1144 ἀλλ’
379 1105 440 1146 ὅτε
473 1105 522 1158 δὴ
554 1105 621 1146 καὶ
653 1105 751 1160 ἐγὼν
785 1106 882 1147 ὁδὸν
912 1107 1027 1164 ᾔτεον
1058 1106 1123 1160 ἠδ’
1162 1108 1340 1150 ἐκέλευον

268 1179 493 1234 πεμπέμεν’,
523 1181 619 1222 οὐδέ
649 1199 684 1222 τι
715 1187 843 1231 κεῖνος
874 1182 1062 1236 ἀνήνατο,
1089 1181 1213 1237 ’τεῦχε
1251 1183 1293 1225 δὲ
1323 1186 1498 1237 πομπήν.

264 1254 382 1297 ’δῶκε
415 1256 458 1297 δέ
489 1255 524 1309 μ’
560 1257 735 1312 ἐκδείρας
767 1257 890 1299 ἀσκὸν
922 1259 1016 1312 βοὸς
1049 1258 1269 1313 ἐννεώροιο,

180 1340 222 1372 20
269 1332 371 1372 ἔνθα
404 1331 447 1373 δὲ
477 1333 662 1386 βυκτάων
694 1333 852 1386 ἀνέμων
882 1334 1071 1387 κατέδησε
1101 1333 1283 1375 κέλευθα·
1316 1359 1372 1363 --

1559 1346 1618 1377 20b
1632 1347 1674 1377 cf.
1689 1360 1699 1376 ε
1715 1349 1776 1377 383
1794 1360 1808 1386 η
1822 1349 1883 1378 272

267 1412 400 1448 κεῖνον
431 1408 505 1462 γὰρ
538 1410 681 1462 ταμίην
713 1408 871 1462 ἀνέμων
898 1407 1056 1462 ’ποίησε
1088 1411 1286 1463 Κρονίων,

267 1482 366 1536 ἠμὲν
397 1484 616 1537 παυέμεναι
646 1483 710 1538 ἠδ’
747 1483 944 1539 ὀρνύμεν’,
977 1485 1023 1526 ὅν
1054 1483 1084 1526 κ’
1123 1484 1291 1543 ἐθέλῃσι·
1324 1510 1381 1514 —

267 1559 334 1612 νηὶ
367 1557 406 1600 δ’
442 1559 501 1600 ἐνὶ
533 1564 718 1618 γλαφυρῇ
749 1561 900 1602 κατέδει
932 1560 1096 1615 μέρμιθι
1126 1570 1272 1618 φαεινῇ

271 1634 456 1692 ἀργυρέῃ,
487 1636 553 1676 ἴνα
585 1637 639 1689 μή
671 1652 706 1677 τι
737 1634 1016 1690 παραπνεύσει’
1052 1635 1184 1690 ὀλίγον
1213 1652 1297 1690 περ.

178 1718 219 1750 25
270 1710 395 1764 αὐτὰρ
428 1710 514 1763 ἐμοὶ
544 1712 691 1765 πνοιὴν
724 1713 911 1766 Ζεφύρου
945 1711 1138 1765 προέηκεν
1170 1712 1304 1766 ἀῆναι,

269 1785 375 1840 ὄφρα
408 1786 523 1841 φέροι
553 1789 654 1841 νῆάς
686 1804 725 1828 τε
755 1788 822 1828 καὶ
854 1788 1012 1836 αὐτούς·
1045 1786 1134 1829 οὐδ’
1171 1787 1228 1842 ἄρ’
1264 1789 1392 1842 ἔμελλε

269 1861 463 1903 ἐκτελέειν·
498 1863 630 1903 αὐτῶν
661 1863 735 1917 γὰρ
768 1860 992 1915 ἀπωλόμεθ’
1029 1863 1267 1917 ἀφραδίηφι.

326 1938 534 1993 ,,ε’ννῆμαρ
567 1938 638 1992 μὲν
670 1939 774 1992 ὁμῶς
802 1937 985 1991 ’πλέομεν
1016 1940 1162 1988 νύκτας
1193 1955 1232 1980 τε
1266 1940 1333 1980 καὶ
1363 1936 1479 1994 ἦμαρ·

267 2022 313 2071 τῇ
346 2015 487 2071 δεκάτῃ
521 2013 556 2055 δ’
594 2015 672 2067 ἤδη
705 2014 939 2066 ἀνεφαίνετο
971 2013 1110 2068 πατρὶς
1140 2013 1306 2069 ἄρουρα,

1563 1960 1603 1987 28
1629 1959 1671 1988 cs.
1698 1960 1737 1988 80
1764 1970 1779 1987 ο
1801 1959 1863 1987 476

1561 2001 1619 2032 28b
1644 2017 1686 2029 =
1710 2005 1737 2032 E
1759 2003 1822 2032 490

179 2099 220 2130 30
266 2089 333 2130 καὶ
366 2089 415 2142 δὴ
447 2089 742 2144 πυρπολέοντας
775 2090 1007 2142 ἐλεύσσομεν
1041 2089 1156 2144 ἐγγὺς
1188 2090 1334 2139 ἐόντας.

164 2222 183 2253 7
208 2222 309 2261 ἔμμην’
335 2230 373 2252 n⁰
400 2223 478 2262 125]
501 2219 584 2253 εἶναι.

164 2274 185 2306 9
209 2272 319 2317 κεῖται]
351 2275 373 2305 1.
398 2285 427 2306 a.
451 2276 549 2305 πολλὰ
580 2276 696 2314 (immo
728 2276 898 2315 glossema
926 2275 969 2305 ad

120 2330 216 2370 μυρία
239 2328 438 2367 pertinens).

166 2380 208 2411 10
220 2381 475 2423 περιστεναχίζετ’
491 2381 579 2422 ἀοιδῇ
591 2380 778 2420 Duentzer]
792 2391 967 2420 περιστενα-

120 2435 236 2473 χίζεται
264 2430 507 2475 (-στοναχι’ζεται
538 2435 579 2473 X)
607 2435 660 2464 vel
685 2436 765 2470 -ζετο
789 2436 864 2474 αὐλῇ
889 2430 969 2475 (-λὴ)

121 2486 230 2523 codd.‚
254 2487 274 2516 1.
290 2496 318 2516 a.
343 2486 439 2525 αὐδῆς
465 2488 560 2523 -ζιται
582 2489 664 2528 αὐλῷ
683 2487 826 2517 conieci&
838 2486 967 2517 Roche-

121 2539 198 2576 fort,
233 2539 308 2579 αὕλῃ
340 2536 375 2580 (i.
406 2548 434 2569 e.
468 2537 606 2581 αὐλήσει)
642 2540 803 2570 Schaesor
838 2539 970 2569 Bekker

122 2592 378 2629 Faesi-Kayser‚
401 2592 479 2632 αὐδῇ
499 2592 650 2629 Nitzsch,
671 2593 898 2634 περιστενάχιζε
920 2593 968 2621 καὶ

120 2644 197 2682 αὐλὴ
227 2644 399 2674 Ludwich.
433 2645 666 2675 Duentzerum
698 2646 806 2675 secuti
840 2653 969 2680 sumus,

121 2697 243 2727 collato
267 2697 370 2727 simili
395 2706 508 2728 errore
533 2698 592 2736 qui
612 2699 705 2728 extat
725 2698 758 2727 h.
779 2697 888 2736 Apoll.
911 2698 967 2727 20:
1000 2714 1003 2717 -

119 2752 286 2790 βεβλήαται
310 2750 388 2791 ᾠδῆς
411 2749 477 2788 leg.
503 2748 665 2790 *p'efflrjat'
691 2751 803 2788 ἀοιδῆς.

167 2800 206 2831 11
232 2802 298 2840 sq.]
324 2802 358 2831 in
381 2802 611 2841 suspicionem
634 2803 768 2833 vocavit
786 2803 968 2832 Duentzer.

167 2852 209 2883 12
239 2860 374 2896 τρητοῖσι
409 2851 547 2897 λέχεσσι]
584 2861 703 2897 τρητοῖς
732 2856 870 2894 λεχέεσσι
902 2855 969 2891 alii,

121 2906 221 2943 male,
245 2906 287 2936 cf.
313 2913 350 2936 n0
375 2908 428 2937 60.

168 2958 209 2988 13
233 2959 360 2996 δώματα
383 2959 476 2999 καλά]
502 2960 523 2990 l.
549 2969 579 2990 a.
604 2963 709 2999 τείχεα
730 2962 842 3002 μακρά.

168 3010 210 3041 14
233 3011 320 3041 πάντ’
348 3012 456 3052 ἐφίλει]
481 3014 583 3042 πάντα
606 3025 636 3052 φ.
661 3012 758 3043 codd.

169 3062 225 3102 15]
256 3064 395 3094 damnat
425 3065 607 3095 Duentzer.
644 3063 657 3106 ΙΙ
694 3065 777 3105 νέας]
807 3067 904 3106 μόρον
929 3065 969 3102 G,

123 3117 211 3146 πόλιν
235 3117 271 3147 P.

1082 2221 1124 2254 16
1147 2224 1197 2253 καὶ
1221 2223 1292 2262 μὲν]
1318 2224 1414 2265 αὐτὰρ
1434 2224 1460 2254 Y
1480 2225 1514 2254 et
1534 2224 1555 2253 l.
1570 2233 1598 2253 a.
1620 2224 1653 2253 in
1668 2224 1702 2259 F,
1725 2224 1797 2265 0119
1814 2226 1885 2254 122.

1082 2275 1122 2305 18
1146 2275 1190 2315 τι]
1216 2273 1292 2306 *τὸῗ

1083 2327 1124 2359 19
1144 2329 1172 2366 μ’
1197 2335 1234 2358 n⁰
1257 2329 1312 2367 13]
1331 2341 1383 2366 μοι
1406 2329 1520 2364 codd.;
1542 2330 1584 2359 cf.
1605 2329 1767 2359 Ludwich
1784 2329 1884 2358 Arist.

1035 2381 1070 2410 II
1093 2390 1124 2419 p.
1152 2381 1204 2411 25.
1235 2379 1248 2421 Η
1279 2381 1447 2423 ἐννεώροιο]
1472 2382 1538 2411 vid.
1565 2381 1606 2410 ad
1630 2385 1657 2410 Σ
1680 2382 1754 2411 351.

1079 2432 1122 2463 20
1146 2433 1303 2474 βυκτάων]
1327 2432 1551 2464 stridentium?
1578 2442 1643 2463 nou
1667 2433 1754 2462 redit
1775 2442 1847 2462 vox.
1867 2431 1879 2472 ΙΙ

1036 2485 1184 2524 κέλευθα]
1210 2485 1357 2515 κέλευθον
1378 2483 1417 2515 F¹
1432 2486 1470 2522 Τ,
1495 2486 1536 2515 cf.
1560 2486 1622 2515 loc.
1647 2495 1717 2524 par.
1732 2487 1766 2514 et
1780 2486 1794 2513 ὀ
1811 2487 1885 2515 380.

1079 2537 1123 2568 28
1147 2534 1212 2579 sq.]
1239 2538 1391 2576 suspecti
1415 2539 1618 2568 Duentzero.

1080 2589 1123 2620 23
1148 2587 1300 2632 γλαφυρῇ]
1326 2592 1447 2632 πρύμνῃ
1470 2591 1580 2629 Apoll.
1606 2591 1669 2620 lex.
1704 2587 1716 2630 ΙΙ
1748 2588 1879 2628 κατέδει]

1037 2642 1169 2673 *ἐδίδειῖ
1194 2644 1237 2673 cf.
1262 2646 1291 2672 A
1319 2644 1391 2673 105.
1422 2641 1435 2684 ΙΙ
1464 2643 1611 2684 μέρμιθι]
1631 2641 1805 2682 funiculo?
1828 2651 1883 2671 vo-

1037 2696 1198 2726 cabulum
1221 2696 1285 2726 hoc
1309 2705 1376 2726 uno
1401 2697 1474 2726 loco
1499 2696 1630 2733 legitur.

1081 2747 1124 2779 24
1158 2749 1374 2790 παραπνεύσεί
1421 2744 1567 2789 Bekker]
1604 2758 1656 2787 -σῃ
1692 2747 1806 2782 codd.;
1840 2748 1883 2776 cs.

1037 2808 1074 2830 n0
1104 2802 1179 2831 122.

1080 2852 1123 2883 26
1147 2864 1177 2883 τε
1198 2855 1248 2883 καὶ
1262 2852 1386 2891 αὐτούς]
1402 2852 1543 2883 sanum?
1557 2852 1715 2890 displicet
1728 2854 1883 2881 metrum.

1081 2904 1123 2936 27
1147 2905 1363 2947 ἀφραδίηφι(ν)
1388 2905 1518 2943 Nauck]
1545 2915 1635 2944 -ῃσιν,

1082 2957 1125 2987 30
1159 2957 1401 2998 πυρπολέοντας]
1445 2966 1511 2987 non
1547 2956 1690 2986 recurrit
1724 2955 1882 2990 verbum3

1038 3010 1208 3048 designari
1233 3010 1432 3048 praesertim
1454 3011 1608 3048 pastores
1629 3017 1669 3037 ex
1694 3007 1796 3036 Τ375
1811 3016 1882 3044 sqq.

1039 3064 1189 3101 apparet.
1210 3062 1268 3100 qui
1289 3062 1384 3092 locus
1397 3062 1531 3092 omnino
1546 3063 1597 3090 ost
1610 3059 1843 3090 conserendus.
1865 3057 1877 3095 Η

1040 3114 1157 3154 ἐόντας]
1184 3117 1281 3150 ἐόντες
1305 3114 1456 3144 nonnulli
1477 3111 1540 3155 (sic
1561 3114 1614 3143 Ar.
1624 3110 1669 3154 ?);
1693 3112 1734 3141 cf.
1756 3125 1765 3140 ι
1789 3113 1860 3141 181.
