2068 3390
780 917 851 955 οΛ
858 919 1109 957 ΥΣΣΕΙΑΣ
1145 914 1188 961 ὃ.

811 1073 857 1101 Τὰ
883 1075 913 1102 ἒν
936 1074 1146 1112 Λακεδαίμονι

137 1448 191 1484 IV
303 1443 342 1482 οἳ
373 1439 410 1481 δ’
446 1438 531 1491 ἷξον
561 1443 700 1495 κοίλην
732 1445 1018 1496 Λακεδαίμονα
1049 1446 1316 1497 καιετάεσσαν,

1534 1459 1549 1488 1
1577 1459 1619 1488 cf.
1644 1463 1672 1489 Β
1697 1461 1758 1490 581

241 1518 339 1572 πρὸς
372 1515 408 1558 δ’
445 1517 522 1572 ἄρα
556 1517 696 1571 δώματ’
733 1519 832 1559 ἔλων
865 1520 1079 1561 Μενελάου
1111 1523 1356 1574 κυδαλίμοιο.

240 1594 308 1634 τὸν
341 1591 379 1634 δ’
416 1590 544 1649 ηὗρον
576 1596 768 1636 δαινύντα
799 1597 927 1650 γάμον
959 1600 1136 1637 πολλοῖσι
1166 1597 1303 1653 Ἑέτῃσι

239 1669 346 1719 υἱέος
378 1669 450 1723 ’ἠδὲ
481 1672 682 1726 θυγατρὸς
714 1672 919 1725 ἀμύμονος
954 1670 983 1728 ᾧ
1017 1672 1075 1712 ἐνὶ
1105 1674 1243 1730 Ἑοίκῳ.

135 1843 169 1883 1]
193 1844 352 1874 obstabat
374 1853 473 1874 mons
500 1843 654 1883 Tayqetus
680 1845 815 1874 nonnisi
841 1845 937 1883 pedi-

89 1898 181 1927 tibus
204 1898 350 1928 mulisve
374 1898 530 1936 pervius3
555 1898 645 1927 hunc
666 1898 770 1936 igitur
791 1900 939 1928 montem

88 1948 162 1992 (qui
185 1952 201 1987 ζ
226 1952 287 1981 103
312 1951 609 1989 commemoratur)
630 1960 696 1980 non
719 1953 817 1980 norat
839 1953 940 1990 poeta

87 2004 146 2041 qui
178 2004 225 2033 ita
257 2012 359 2034 curru
390 2004 455 2034 iter
479 2004 696 2042 perficientes
722 2004 819 2033 finxit
841 2004 939 2034 Tele-

87 2056 245 2086 machum
283 2058 317 2086 et
351 2057 579 2086 Pisistratum.
611 2057 829 2086 Incredibilia
860 2057 938 2086 hinc

87 2109 193 2139 efficit
212 2109 320 2139 Seeck
343 2110 500 2147 (Quellen
520 2119 552 2148 p.
579 2106 668 2150 344).
698 2107 710 2150 ΙΙ
737 2112 940 2140 καιετὰεσσαν

87 2162 181 2200 Zen.]
207 2162 474 2201 κητώεσσαν.Ῡίᾶ.
488 2162 530 2191 ad
542 2165 570 2191 B
584 2162 658 2191 581.
672 2163 808 2192 Scholia
821 2163 937 2192 lectio-

87 2224 164 2245 nem
187 2215 415 2245 Zenodoteam
442 2224 508 2245 non
529 2217 622 2245 recte
652 2216 823 2253 explicant
844 2219 937 2245 καλα-

85 2268 246 2306 μινθώδη;
268 2268 427 2298 cohaeret
448 2268 538 2297 enim
556 2268 761 2298 adiectivum
776 2277 853 2298 cum
868 2271 937 2298 κείω

87 2318 115 2358 (ξ
144 2321 221 2359 425)
249 2322 369 2355 -κεάζω
384 2319 487 2361 findo.

129 2372 151 2403 2
175 2373 289 2411 δώματ’
327 2369 413 2415 ἔλων]
448 2373 467 2403 l.
501 2382 529 2402 a.
549 2373 667 2412 ’δώματ’
696 2374 769 2412 ἕχον
793 2371 856 2415 (sic
881 2371 935 2414 q);

86 2423 178 2463 *δῶμ’
207 2426 315 2456 Ham?

129 2475 226 2520 3-19]
251 2478 389 2509 delebat
407 2478 588 2515 Diodorus,
608 2479 844 2518 Aristophanis
867 2479 934 2508 dis-

83 2531 229 2570 cipulus,
260 2533 348 2562 teste
379 2532 552 2561 Athenaeo
576 2532 603 2561 V
628 2533 690 2561 180
716 2541 782 2569 sq.;
808 2532 934 2561 ibidem

84 2584 299 2614 contenditur
334 2584 565 2614 Aristarchum
599 2585 783 2614 inseruisse
815 2593 934 2614 versus

86 2637 198 2674 15-19,
234 2646 275 2667 ex
308 2637 395 2667 libro
426 2641 454 2667 Σ
480 2637 668 2674 desumtos,
699 2646 777 2667 cum
812 2646 932 2676 parum

83 2690 294 2729 perspiceret
316 2690 351 2719 in
371 2699 420 2720 vs.
441 2691 459 2719 3
482 2690 524 2720 de
544 2691 615 2720 toto
638 2691 833 2729 nuptiarum
847 2692 931 2719 tem-

83 2751 175 2780 pore,
210 2751 277 2772 non
314 2743 356 2773 de
388 2743 498 2781 epulis
528 2743 623 2781 loqui
659 2745 797 2781 poetam
827 2743 930 2780 (idem

82 2795 240 2832 perhibet
274 2795 370 2825 Eust.
407 2796 504 2832 1480,
540 2796 604 2832 18).
639 2796 767 2825 Iniuria
799 2795 930 2833 culpari

82 2848 315 2878 Aristarchum
340 2848 398 2886 qui
422 2857 542 2878 versus
567 2848 668 2878 15-19
695 2857 755 2878 non
780 2846 931 2878 deleverit

82 2896 175 2941 (nam
221 2900 260 2931 de
303 2910 357 2930 suo
396 2910 475 2931 eum
513 2901 664 2939 quinque
707 2901 769 2930 hos
810 2909 928 2931 versus

81 2950 249 2992 iusersisse
289 2953 471 2983 manifesta
511 2955 563 2983 est
600 2953 769 2983 calumnia
779 2961 786 2989 ;
825 2953 928 2981 immo

80 3013 200 3035 versus
236 3004 295 3035 17¹²
328 3007 386 3035 18¹²
420 3007 479 3035 aut
511 3006 680 3044 ignoravit
731 3007 789 3035 aut
829 3005 927 3034 obelo

80 3058 220 3094 notavit,
238 3058 305 3088 vid.
341 3058 383 3087 ad
410 3061 438 3087 Σ
469 3059 558 3097 604),
581 3058 775 3088 observavit
808 3058 926 3087 Kirch-

79 3109 160 3146 hoff,
191 3119 310 3140 versus
344 3110 434 3140 enim
468 3112 485 3140 3
518 3120 592 3149 sqq.
626 3113 684 3140 aut
710 3110 802 3140 omni
825 3118 926 3139 sensu

1011 1854 1127 1875 carere
1162 1846 1196 1875 in
1231 1846 1296 1876 hoc
1329 1848 1487 1876 contextu
1517 1850 1575 1877 aut
1606 1849 1640 1877 id
1669 1849 1859 1886 significare

1009 1898 1101 1936 quod
1132 1899 1277 1937 putabat
1299 1900 1526 1936 Aristarchus,
1554 1901 1745 1930 Menelaum
1776 1902 1859 1939 ipsis

1008 1949 1109 1989 epulis
1132 1950 1326 1990 nuptialibus
1351 1953 1518 1982 assedisse
1540 1962 1616 1982 cum
1635 1954 1858 1983 Telemachus

1009 2005 1043 2032 et
1076 2004 1276 2034 Pisistratus
1319 2005 1487 2034 intrarunt
1523 2006 1595 2035 eius
1632 2007 1777 2043 regiam3
1800 2016 1856 2035 ne-

1009 2065 1074 2094 que
1117 2057 1206 2086 abici
1248 2066 1348 2095 posse
1389 2067 1508 2087 versus
1554 2060 1644 2094 3-19,
1681 2059 1769 2097 quod
1800 2068 1856 2088 vo-

1007 2109 1100 2139 lebat
1136 2110 1316 2146 Diodorus,
1354 2111 1402 2139 sic
1441 2111 1529 2140 enim
1568 2111 1655 2140 inter
1687 2121 1735 2140 vs.
1770 2112 1787 2140 2
1825 2113 1858 2140 et

1008 2163 1048 2192 20
1087 2163 1182 2192 hiare
1226 2164 1453 2192 narrationem
1496 2166 1530 2193 et
1572 2164 1712 2193 Eteonei
1754 2164 1857 2193 verba

1005 2224 1053 2244 vs.
1080 2216 1120 2244 29
1146 2217 1225 2253 apte
1252 2216 1414 2254 explicari
1441 2225 1505 2245 non
1531 2224 1640 2254 posse.
1663 2217 1730 2245 Aut
1754 2217 1857 2253 igitur

1003 2267 1070 2305 ipsi
1102 2269 1235 2305 poetae,
1270 2268 1327 2305 qui
1354 2269 1549 2297 Telemachi
1576 2269 1638 2297 iter
1664 2269 1854 2306 descripsit,

1004 2322 1063 2349 aut
1093 2320 1327 2350 diasceuastae
1362 2318 1417 2361 (cf.
1446 2321 1487 2350 ad
1522 2334 1541 2350 α
1567 2323 1607 2350 88
1633 2320 1722 2361 sqq.)
1747 2323 1854 2350 totum

1003 2373 1093 2402 hunc
1127 2374 1240 2402 locum
1277 2373 1419 2402 liberius
1457 2374 1646 2411 refingenti,
1681 2374 1858 2402 Kirchhoff

1003 2426 1240 2464 imputandum
1266 2428 1382 2455 censet
1407 2426 1497 2464 quod
1520 2427 1697 2464 epularum
1720 2427 1851 2455 illarum

1003 2479 1290 2516 convivarumque
1322 2479 1356 2507 in
1384 2479 1608 2516 sequentibus
1633 2479 1710 2510 (vid.
1736 2488 1783 2508 vs.
1812 2480 1851 2508 43

1002 2529 1092 2572 sqq.)
1117 2541 1179 2561 nec
1204 2532 1281 2561 vola
1305 2541 1367 2561 nec
1390 2532 1572 2569 vestigium
1607 2534 1757 2569 apparet.
1786 2532 1853 2560 Nos

1001 2584 1114 2622 ipsum
1138 2586 1275 2623 poetam
1301 2584 1365 2613 sibi
1391 2584 1462 2614 sine
1488 2584 1557 2613 ulla
1584 2592 1685 2612 cansa
1713 2584 1850 2613 oblocu-

1001 2638 1074 2666 tum
1099 2646 1174 2666 esse
1199 2637 1291 2666 credi
1318 2645 1418 2675 posse
1451 2645 1623 2673 negamus,
1654 2636 1850 2673 ceteroquin

1000 2690 1210 2719 Kirchhoffio
1231 2690 1464 2719 assentientes.
1487 2689 1567 2717 Fick
1589 2688 1715 2718 delevit
1733 2698 1851 2717 versus

1000 2743 1090 2777 3-38,
1125 2744 1159 2772 et
1189 2743 1310 2771 horum
1336 2742 1410 2771 loco
1436 2743 1506 2771 tres
1530 2741 1673 2770 inseruit
1697 2750 1737 2770 ex
1762 2742 1848 2777 frag-

998 2795 1122 2824 mentis
1145 2803 1282 2824 versum
1309 2796 1360 2829 20,
1388 2795 1440 2829 22,
1466 2795 1518 2829 23,
1544 2794 1596 2829 37,
1618 2794 1657 2822 38
1680 2802 1697 2821 a
1719 2802 1754 2822 se
1775 2793 1848 2830 ipso

998 2848 1175 2877 confictos:
1207 2849 1248 2876 τὼ
1279 2847 1310 2876 δὲ
1339 2846 1515 2883 Βοηθοΐδης
1540 2841 1663 2875 'fidem
1687 2847 1848 2886 προμολὼν

993 2899 1159 2934 Ἐτεωνεύς,
1182 2898 1186 2939 l
1208 2899 1334 2940 ὀτρηρὸς
1360 2901 1508 2939 θεράπων
1527 2897 1846 2931 [ΡΙειέλάου,’κέκ)”.ετυ

995 2952 1025 2980 δ’
1049 2952 1156 2986 ἄλλους
1176 2950 1180 2991 1
1202 2953 1304 2989 δμῶας
1324 2952 1372 2981 καὶ
1396 2953 1594 2991 θεράποντας
1614 2951 1663 2987 [ἔμ’
1693 2950 1846 2978 ἑσπέσθαι

995 2999 1066 3033 {fvi
1091 3006 1181 3044 αὐτῷ.

1037 3055 1060 3085 4
1082 3054 1120 3096 ᾧ]
1157 3056 1312 3093 neglecto
1346 3051 1392 3091 ,Ρ;
1429 3057 1573 3092 ἀμύμονα
1607 3050 1661 3093 fg»
1702 3053 1844 3082 coniecit

994 3109 1135 3137 Bekker.
1167 3109 1206 3137 In
1231 3108 1367 3145 vulgata
1395 3108 1553 3145 displicet
1585 3106 1755 3144 epitheton
1781 3105 1841 3133 soli
