2068 3390
813 937 884 975 οΔ
890 937 1139 974 ΤΣΣΕΙΑΣ
1168 931 1206 983 ξ.

728 1099 894 1135 Ὀδυσσέως
915 1099 992 1142 πρὸς
1014 1099 1151 1137 Εὔμαιον
1175 1100 1287 1137 ὁμιλία.

161 1510 253 1547 XIV

277 1587 404 1634 χῶρον
435 1578 491 1621 ἀν’
528 1580 695 1633 ὑλήεντα
728 1578 772 1621 δι’
810 1580 961 1634 ἄκριας,
991 1578 1016 1637 ᾗ
1048 1582 1118 1621 foa
1149 1582 1299 1633 Ἀθήνη

336 1504 460 1558 αὐτὰρ
492 1502 513 1545 ὃ
546 1504 587 1545 ἐκ
618 1504 773 1557 λιμένος
804 1503 978 1559 προσέβη
1010 1509 1190 1558 τρηχεῖαν
1223 1505 1398 1558 ἀταρπὸν

273 1653 466 1710 ’πέφραδε
499 1657 586 1697 δῖον
617 1656 815 1710 ὑφορβὸν,
847 1657 868 1697 ὅ
899 1659 967 1697 fot
999 1657 1148 1710 βιότοιο
1181 1657 1345 1708 μάλιστα

271 1730 426 1784 ’κήδετο
456 1732 649 1785 Ἐοικήων,
679 1731 749 1780 οὓς
776 1729 959 1784 ’κτήσατο
992 1733 1075 1780 δῖος
1103 1730 1325 1780 Ὀδυσσεύς.

211 1818 228 1848 5
275 1808 343 1848 τὸν
371 1806 408 1848 δ’
439 1806 496 1862 ἄρ’
527 1807 584 1848 ἐνὶ
610 1808 798 1864 προδόμῳ
825 1804 910 1861 ηὗρ’
944 1808 1106 1860 ἥμενον,
1132 1808 1235 1847 ἔνθα
1261 1810 1330 1848 fot
1358 1808 1459 1860 αὐλὴ

278 1883 416 1936 ὑψηλὴ
442 1881 627 1936 ’δέδμητο
658 1883 898 1940 περισκέπτῳ
931 1883 989 1923 ε’νὶ
1020 1884 1130 1940 χώρῳ

277 1960 376 2012 καλή
407 1975 446 2000 τε
477 1961 623 2014 μεγάλη
656 1976 708 2011 τε,
738 1961 985 2013 περίδρομος·
1018 1960 1068 2011 ἥν
1102 1960 1150 2014 ῥα
1183 1961 1362 2012 συβώτης

278 2037 394 2085 αὐτὸς
428 2034 600 2088 ἐδείμαθ’
635 2038 770 2077 ὕεσσιν
802 2035 1078 2089 ἀποιχομένοιο
1110 2037 1308 2084 ,Ράνακτος

1562 1595 1598 1624 2⁸
1622 1610 1665 1622 =
1689 1596 1720 1623 K
1744 1594 1807 1623 362

1562 1899 1580 1927 6
1607 1897 1649 1927 of.
1673 1909 1693 1927 α
1717 1897 1780 1926 426

1564 1944 1600 1972 6⁸
1625 1957 1667 1969 =
1692 1955 1701 1971 ι
1729 1942 1790 1971 185

1562 2042 1597 2073 8¹³
1623 2053 1673 2081 sq.
1694 2058 1736 2070 =
1758 2044 1821 2073 450
1837 2052 1886 2081 sq.

277 2112 422 2164 νόσφιν
455 2113 666 2165 δεσποίνης
699 2111 765 2152 καὶ
797 2111 979 2165 Λαέρταο
1013 2111 1194 2165 γέροντος

194 2196 232 2228 10
279 2188 453 2242 ῥυτοῖσιν
485 2189 617 2228 λάεσσι
647 2187 713 2228 καὶ
746 2187 987 2241 ἐθρίγκωσεν
1020 2187 1181 2245 ἀχέρδῳ.

278 2265 472 2318 σταυροὺς
504 2261 546 2305 δ’
582 2264 688 2312 ε’κτὸς
720 2264 855 2304 ἔλασσε
889 2262 1098 2317 διαμπερὲς
1131 2264 1233 2303 ἔνθα
1264 2263 1331 2303 καὶ
1362 2263 1464 2303 ἔνθα

279 2340 457 2389 πυκνοὺς
487 2339 553 2380 καὶ
584 2339 752 2392 θαμέας,
782 2340 824 2380 τὸ
857 2339 978 2392 μέλαν
1011 2339 1131 2393 δρυὸς
1164 2339 1445 2391 ἀμφικεάσσας.

178 2513 194 2544 1
221 2511 252 2556 ὃ]
289 2515 306 2544 ὅ
339 2516 365 2553 γ’
399 2516 443 2554 Μ,
476 2516 619 2546 fortasse
650 2517 752 2555 recte,
777 2513 845 2545 vid.
871 2521 908 2544 n0
936 2516 975 2545 15

134 2569 168 2597 et
190 2567 230 2596 ad
259 2569 286 2598 Θ
310 2568 389 2603 271;
424 2569 505 2599 item
539 2569 636 2599 Dion.
665 2569 773 2599 Halic.
799 2569 840 2598 de
867 2577 975 2606 comp.

132 2620 224 2650 verb.
262 2620 281 2659 ξ
315 2621 366 2660 26,
402 2623 460 2659 qui
496 2622 612 2652 laudat
649 2622 839 2661 simplicem
875 2621 976 2651 huius

133 2673 198 2703 loci
223 2673 404 2704 dictionem
429 2675 574 2704 orationi
597 2675 727 2705 solutae
753 2675 909 2704 similem.

177 2725 198 2756 6
222 2726 413 2768 περισκέπτῳ
437 2729 478 2757 ἐνὶ
498 2724 604 2770 χώρῳ]
630 2727 694 2758 loco
713 2726 797 2757 edito
816 2729 845 2758 et
858 2729 976 2767 aperto,

133 2778 200 2808 vid.
225 2778 267 2808 ad
291 2791 310 2808 α
335 2780 399 2809 425
424 2789 490 2818 sq.;
516 2781 745 2822 κατωρυχέεσσι
765 2784 882 2811 λίθοισι
897 2779 976 2811 G²n

135 2828 192 2872 (of.
225 2844 233 2861 ι
267 2828 344 2873 185)
376 2833 410 2862 et
441 2833 462 2862 l.
496 2843 523 2862 a.
551 2833 642 2872 apud
665 2833 778 2870 Eust.;
803 2834 977 2872 vulgatam

135 2883 302 2921 Didymus
337 2884 420 2923 legit
455 2887 488 2915 et
523 2885 768 2924 interpretatus
812 2888 873 2926 est,
909 2885 976 2915 vid.

135 2937 244 2975 Etym.
270 2937 313 2967 M.
340 2938 414 2976 664,
440 2939 480 2968 46
506 2947 578 2977 sqq.

180 2989 199 3019 8
226 2988 386 3028 *ἐδείμαθ’
425 2991 542 3030 ὕεσσιν]
580 2992 704 3030 δείμαθ’
744 2993 846 3022 ὕεσσιν
880 2991 977 3021 codd.

136 3042 302 3083 plerique,
347 3043 471 3081 δείματο
513 3045 627 3074 οἴεσσιν
668 3045 713 3084 M,
755 3045 881 3082 δείματο
919 3041 978 3078 οἶος

137 3095 214 3125 Zen.
241 3093 297 3133 F¹;
323 3095 364 3126 of.
390 3104 438 3126 vs.
464 3097 539 3126 450.

1089 2513 1130 2544 10
1162 2517 1350 2556 ἐθρίγκωσεν
1383 2514 1520 2557 ἀχέρδῳ]
1555 2512 1702 2543 cinxerat
1737 2512 1888 2553 vepribus,

1044 2577 1110 2597 non
1135 2576 1238 2606 supra
1263 2567 1443 2606 impositis,
1468 2570 1506 2597 ut
1531 2568 1648 2597 volunt
1669 2567 1808 2606 scholia,
1830 2567 1889 2597 sed

1044 2620 1149 2650 veluti
1170 2620 1345 2658 cingulum
1365 2622 1438 2651 ante
1458 2630 1580 2649 murum
1593 2620 1777 2650 collocatis.
1791 2621 1888 2650 Utra-

1044 2682 1109 2710 que
1142 2681 1205 2702 vox
1229 2673 1361 2702 nonnisi
1385 2673 1418 2702 h.
1442 2673 1463 2702 l.
1490 2673 1580 2712 apud
1613 2674 1748 2711 poetam
1772 2673 1888 2708 obvia;

1045 2726 1085 2755 cf.
1123 2728 1235 2755 tamen
1280 2727 1408 2767 θριγκός
1443 2739 1458 2764 η
1495 2726 1534 2755 87
1571 2738 1588 2766 ρ
1626 2726 1689 2756 267
1733 2725 1890 2767 (θριγκίον

1045 2788 1067 2807 n
1094 2778 1201 2814 165?).

1092 2829 1133 2861 12
1157 2830 1293 2870 θαμέας]
1325 2833 1475 2869 μεγάλους
1501 2831 1612 2861 GXD
1639 2833 1672 2861 et
1696 2831 1716 2860 l.
1744 2841 1772 2861 a.
1797 2830 1889 2869 apud

1046 2884 1139 2913 Eust.
1171 2880 1183 2923 ΙΙ
1212 2883 1306 2920 μέλαν
1331 2880 1434 2926 δρυὸς]
1460 2884 1507 2913 sic
1533 2884 1597 2921 Ar„
1619 2882 1763 2913 corticem
1786 2884 1887 2913 inter-

1045 2937 1209 2975 pretatus.
1246 2935 1312 2966 Sed
1347 2936 1388 2966 de
1425 2936 1582 2966 arborum
1619 2935 1755 2966 medulla
1796 2936 1889 2974 loqui

1046 2988 1179 3018 videtur
1222 2991 1332 3028 poeta.
1369 2989 1486 3020 Crates
1524 2989 1720 3030 uemvdpvon·‚
1760 2987 1887 3018 densam

1039 3039 1191 3081 frondem
1226 3041 1446 3080 intellegen33
1485 3042 1532 3071 sic
1557 3041 1729 3080 accepisse
1754 3040 1887 3070 videtur

1045 3094 1244 3134 Aeschylus,
1269 3096 1354 3124 teste
1381 3103 1481 3125 versu
1503 3103 1603 3133 quem
1626 3094 1770 3124 afferunt
1783 3093 1888 3123 schol.
