2035 3406
1001 246 1074 273 VIII

216 370 380 416 Scholia,
422 381 522 415 quae
562 381 641 407 non
686 373 857 417 optimae
899 374 1015 409 notae
1052 375 1158 419 sunt,
1197 374 1468 409 Buttmannus
1507 383 1609 409 anno
1642 375 1739 410 1821
1770 374 1912 419 publici

160 441 255 476 iuris
284 441 396 485 fecit3
427 441 473 477 de
501 442 632 477 aetate
661 443 795 478 autem
824 443 965 478 codicis
994 443 1162 479 antehac
1190 443 1261 478 viri
1292 444 1393 478 docti
1422 443 1462 478 in
1487 452 1614 479 errore
1638 445 1912 490 versabantur,

159 511 294 555 quarto
318 510 423 546 enim
449 511 584 547 decimo
609 511 766 548 saeculo
789 512 1012 548 Dindorfius
1038 522 1129 548 eum
1155 513 1400 549 adscribebat
1423 514 1462 548 in
1488 513 1727 548 scholiorum
1744 514 1914 549 editione

159 579 321 623 praefat.
365 590 401 625 p.
444 580 536 626 XII,
579 582 753 626 itemque
794 581 1024 617 LaRochius
1067 582 1292 618 Textkritik
1334 593 1369 627 p.
1411 583 1500 627 487,
1539 581 1675 626 quiin
1711 582 1913 627 Odysseae

159 649 328 686 editione
358 660 437 686 non
460 651 536 686 nisi
564 661 710 695 paucas
740 661 790 686 ex
814 661 859 686 eo
889 651 1077 687 lectiones
1107 651 1254 698 attulit,
1285 662 1385 696 quae
1413 653 1508 688 tunc
1537 653 1727 696 temporis
1753 662 1776 687 a
1800 652 1911 688 Butt-

159 729 305 755 manno
347 720 483 756 aliisve
525 722 716 757 extabant
753 721 1038 765 promulgatae.
1078 721 1234 757 Primus
1270 722 1524 757 Ludwichius
1562 722 1693 757 totum
1722 722 1912 768 excussit,

156 789 314 834 iamque
341 791 523 835 apparuit
550 792 708 826 textum
738 790 865 826 multa
894 792 1079 835 praebere
1106 793 1247 827 notatu
1275 792 1519 835 dignissima.

211 932 266 966 ΙΙ.
307 931 543 967 Harleianus
579 930 709 966 musei
745 930 960 966 Britannici
996 930 1039 966 n⁰
1079 932 1181 966 5674
1221 931 1395 967 saeculi
1424 930 1599 975 XIII¹).
1631 932 1762 967 Codex
1790 941 1912 967 mem-

154 1001 371 1036 branaceus
408 1000 511 1036 foliis
547 1001 621 1036 150
649 1001 776 1036 totam
807 999 1026 1045 Odyssearn
1057 1010 1146 1036 cum
1176 1001 1336 1037 scholiis
1366 1001 1640 1046 complectitur
1651 1013 1660 1047 3
1691 1001 1830 1036 folium
1862 1002 1910 1037 62

156 1071 192 1114 (κ
225 1071 447 1112 316-372)
482 1070 676 1106 amissum
707 1070 775 1105 sed
804 1080 826 1105 a
855 1070 1096 1106 scholiorum
1127 1071 1316 1115 scriptore
1349 1071 1578 1115 suppletum
1607 1071 1680 1106 est.
1711 1071 1757 1105 In
1786 1071 1912 1115 prima

154 1141 298 1184 pagina
327 1140 403 1182 (fol.
435 1141 492 1183 22)
522 1142 618 1176 sunt
646 1150 787 1176 versus
818 1142 879 1186 39,
909 1142 946 1176 in
980 1143 1120 1177 ceteris
1148 1143 1210 1179 41.
1234 1142 1331 1177 Post
1356 1142 1576 1177 Porsonum
1603 1142 1643 1176 et
1667 1141 1910 1176 Dindorfium

155 1210 283 1245 denuo
311 1210 475 1246 Londini
504 1210 670 1246 contulit
698 1211 951 1247 Ludwichius
983 1221 1085 1247 anno
1120 1212 1233 1247 1886.

208 1351 265 1386 M.
305 1350 484 1386 Venetus
521 1350 778 1387 bibliothecae
812 1351 1030 1387 Marcianae
1070 1350 1112 1387 n⁰
1143 1352 1219 1387 613
1258 1351 1432 1387 saeculi
1470 1351 1598 1386 XIII.
1640 1351 1770 1386 Codex
1803 1350 1910 1386 char·

155 1422 291 1456 taceus
329 1420 430 1456 foliis
468 1421 557 1466 302,
595 1431 695 1465 quae
737 1422 797 1468 18,
833 1422 893 1466 20,
928 1422 976 1457 23
1008 1431 1146 1457 versus
1176 1431 1245 1466 pro
1275 1422 1419 1466 pagina
1447 1421 1661 1466 continent,
1690 1420 1910 1470 Odysseam

156 1491 195 1526 et
224 1490 715 1536 Batrachomyomachiam
745 1491 927 1536 exhibet;
957 1492 1117 1536 propter
1146 1491 1294 1527 scholia
1323 1493 1458 1527 autem
1487 1491 1684 1526 uberrima
1711 1490 1910 1534 quantivis

155 1561 218 1595 est
241 1560 365 1604 pretii.
391 1560 653 1595 Contulerunt
675 1570 766 1596 eum
791 1560 961 1596 Cobetus
987 1562 1026 1596 et
1044 1561 1273 1597 LaRochius
1290 1560 1330 1606 ²),
1346 1561 1598 1596 Ludwichius
1614 1560 1738 1596 obiter
1752 1560 1910 1596 tantum

154 1629 330 1674 inspexit
358 1639 429 1665 nec
458 1630 535 1665 nisi
563 1640 650 1666 raro
680 1630 867 1666 laudavit.

209 1699 430 1744 Specimina
458 1700 562 1735 dedit
591 1701 821 1736 LaRochius
849 1701 888 1736 in
916 1700 1062 1736 tabulis
1091 1701 1167 1736 VII
1197 1702 1237 1737 et
1264 1701 1372 1746 VIII,
1402 1701 1506 1736 unde
1535 1701 1717 1744 cognosci
1741 1700 1912 1744 possunt

155 1771 325 1813 quatuor
353 1779 496 1805 manus
526 1771 667 1814 quibus
696 1771 819 1806 codex
849 1772 1038 1806 exaratus
1067 1772 1140 1806 est.

208 1910 259 1945 N.
299 1911 589 1946 Laurentianus
628 1909 729 1951 XCI,
769 1910 804 1955 2,
831 1909 1010 1946 saeculi
1047 1910 1177 1955 XIII,
1208 1920 1231 1946 a
1259 1910 1485 1946 Ludwichio
1514 1911 1665 1955 passim
1693 1911 1910 1956 inspectus,

154 1980 219 2023 qui
248 1979 442 2015 inferioris
471 1981 589 2016 notae
617 1981 731 2016 vocat
759 1980 941 2015 codicem.

208 2120 261 2155 Χ.
288 2118 604 2155 Vindobonensis
628 2118 670 2154 n⁰
699 2120 772 2155 133
799 2120 974 2155 saeculi
999 2120 1116 2155 XIII
1143 2121 1261 2166 (apud
1286 2119 1529 2155 LaRochmm
1553 2121 1707 2155 vocatur
1726 2120 1837 2155 codex
1857 2119 1908 2163 Ο).

152 2188 225 2224 Hic
262 2189 396 2233 codex,
435 2190 501 2233 qui
538 2190 714 2225 continet
749 2189 968 2235 Odyssean]
1008 2200 1097 2226 cum
1135 2190 1294 2225 scholiis
1333 2191 1382 2225 ab
1420 2190 1556 2225 eadem
1595 2199 1716 2224 manu
1740 2189 1908 2233 scriptis,

153 2258 316 2294 minime
359 2259 421 2294 est
458 2260 773 2295 contemnendus
811 2260 881 2295 sed
914 2259 1017 2295 male
1046 2259 1218 2295 habitus.
1250 2259 1470 2303 Supersunt
1500 2259 1592 2294 folia
1623 2260 1710 2304 147,
1740 2268 1908 2302 quorum

154 2328 334 2372 singulae
371 2329 538 2373 paginae
576 2329 724 2364 habent
752 2338 893 2364 versus
924 2330 972 2364 32
1003 2329 1064 2365 vel
1096 2330 1166 2374 343
1200 2329 1401 2373 perierunt
1428 2329 1519 2364 folia
1549 2329 1609 2363 33.
1641 2328 1746 2372 Quae
1775 2329 1909 2363 autem

153 2398 294 2432 extant
330 2397 362 2443 (ε
395 2398 529 2434 45-ω
563 2399 625 2441 51)
663 2398 814 2442 passim
852 2399 1052 2433 vermibus
1091 2400 1131 2434 et
1169 2399 1327 2433 madore
1367 2398 1423 2432 ita
1461 2394 1734 2441 sunt‘peresa
1769 2398 1814 2432 ut
1842 2397 1909 2431 vix

153 2467 310 2510 possint
340 2467 487 2511 dispici.
519 2467 761 2513 LaRochius,
791 2469 857 2512 qui
884 2469 969 2512 ipse
998 2479 1089 2504 eum
1114 2468 1292 2513 contulit,
1332 2469 1530 2513 specimen
1564 2468 1780 2512 scripturae
1804 2467 1910 2502 dedit

156 2537 196 2571 in
235 2536 370 2572 tabula
408 2536 470 2581 Π,
502 2539 682 2573 accurate
711 2539 918 2583 descripsit
945 2539 1115 2574 codicem
1157 2538 1409 2574 Ludwichius
1439 2538 1477 2573 in
1507 2538 1639 2573 Indice
1664 2538 1768 2573 Lect.
1798 2537 1906 2572 Aest.

156 2606 257 2641 1889
300 2606 451 2650 Regim.
492 2616 528 2650 p.
575 2607 596 2640 5
636 2617 732 2651 sqq.,
776 2608 844 2643 sed
881 2608 1013 2651 ipsum
1052 2610 1209 2644 textum
1247 2617 1290 2643 se
1329 2607 1584 2643 festinantius
1623 2607 1908 2642 transcurrisse

155 2676 288 2711 scribit
318 2675 437 2720 praef.
471 2686 506 2720 p.
537 2676 628 2711 XII.

209 2814 265 2850 l).
303 2814 504 2850 Parisinus
543 2814 585 2849 n⁰
624 2816 725 2851 2403
764 2816 1042 2852 miscellaneus
1078 2817 1336 2861 bombycinus
1374 2816 1556 2852 foliorum
1587 2818 1661 2852 310
1692 2817 1907 2853 exeuntis

154 2884 233 2919 fere
264 2884 435 2920 saeculi
462 2885 591 2920 XIII.
622 2885 667 2919 In
697 2885 759 2920 fol.
794 2886 865 2920 177
899 2874 996 2929 sqqs
1014 2887 1125 2922 extat
1154 2886 1332 2930 Odyssea
1356 2896 1445 2921 cum
1472 2886 1643 2921 scholiis.
1668 2887 1714 2921 In
1739 2886 1907 2931 singulis

200 3038 222 3079 ¹)
248 3041 359 3070 Etiam
394 3042 592 3072 LaRochius
627 3043 717 3072 hunc
754 3043 904 3073 codicem
940 3044 1054 3074 littera
1086 3045 1117 3074 H
1148 3044 1283 3074 indicat.
1315 3044 1430 3074 Oculis
1462 3052 1498 3073 se
1531 3052 1608 3073 eum
1632 3053 1698 3073 non
1722 3052 1905 3082 usurpasse

155 3093 236 3123 dicit
259 3094 387 3131 proleg.
414 3104 445 3132 p.
471 3095 508 3125 V.

198 3142 224 3184 ²)
248 3146 359 3176 Etiam
382 3147 580 3177 LaRoohius
603 3157 680 3177 eum
705 3148 862 3186 designat
886 3149 999 3179 littera
1023 3150 1066 3179 M.
