2068 3390
144 210 190 240 Ἰὰ
214 210 282 251 περὶ
306 207 562 250 Λαιστρυγόνων]

926 210 1131 240 -κ-

1814 196 1898 238 217

194 354 234 389 X
287 349 459 401 πλησίαι·
493 349 541 390 οὐ
574 348 645 401 μὲν
676 349 750 403 γάρ
783 347 863 389 ποτ’
900 348 1028 398 ἀέξετο
1060 349 1167 401 κῦμά
1197 345 1228 402 γ’
1265 347 1307 388 ἐν
1338 347 1457 403 αὐτῷ,

289 423 377 464 οὔτε
408 422 486 478 μέγ’
525 422 603 465 οὔτ’
639 423 785 477 ὀλίγον,
815 424 933 475 λευκὴ
966 421 1002 464 δ’
1038 419 1089 476 ἦν
1121 423 1224 476 ἀμφὶ
1255 423 1417 477 γαλήνη·

199 508 240 539 95
288 499 412 552 αὐτὰρ
445 499 544 552 ἐγὼν
578 497 660 548 οἷος
687 497 849 552 ’σχέθον
882 499 953 547 ἔξω
986 505 1064 551 νῆα
1096 498 1284 551 μέλαιναν

287 572 426 615 αὐτόθ’
461 572 515 614 ἐπ’
553 574 721 630 ἐσχατιῇ,
749 572 892 627 πέτρης
917 573 966 614 ”en
996 574 1187 625 πείσματα
1220 574 1354 626 δήσας.

287 649 402 701 ἔστην
434 647 477 689 δὲ
510 649 679 701 σκοπιὴν
704 649 750 697 ’ἒς
781 649 1077 689 παιπαλόεσσαν
1108 648 1301 689 ἀνελθών·

1579 659 1619 688 97
1633 674 1674 685 =
1689 660 1750 688 148
1775 660 1817 689 cf.
1840 660 1901 689 194

289 724 391 764 ἔνθα
423 723 495 776 μὲν
529 724 617 765 οὔτε
648 726 756 778 βοῶν
789 721 865 765 οὔτ’
899 723 1058 777 ἀνδρῶν
1086 722 1263 775 ’φαίνετο
1296 723 1434 778 Ῐέργα,

287 799 441 840 καπνὸν
474 797 510 840 δ’
548 797 634 840 οἷον
667 799 818 854 ὁρῶμεν
850 799 928 840 ἀπὸ
960 799 1107 852 χθονὸς
1139 799 1337 840 ἀίσσοντα.

178 884 240 916 100
287 875 336 927 δὴ
369 873 441 916 τότ’
477 875 575 929 ε’γὼν
608 875 770 929 ἑτάρους
801 877 946 929 προΐην
976 877 1204 916 πεύθεσθαι
1236 876 1381 928 ἰόντας,

287 951 332 990 οἵ
354 966 455 999 τινες
486 950 620 1005 ἀνέρες
653 948 731 992 εἶεν
763 950 826 991 ἐπὶ
857 951 975 1004 χθονὶ
1008 955 1114 991 σῖτον
1146 951 1312 1002 ἔδοντες,

1582 881 1725 910 100-102
1756 895 1798 907 =
1823 893 1831 909 ι
1863 882 1903 910 88

1829 934 1902 963 sqq.

285 1025 406 1081 ἄνδρε
439 1029 521 1068 δύω
554 1028 706 1081 κρίνας,
737 1028 915 1081 τρίτατον
946 1025 1077 1081 κήρυχ’
1115 1025 1174 1080 ἅμ’
1212 1026 1400 1075 ὀπάσσας.

395 1105 416 1120 u
446 1101 481 1143 δ’
521 1104 540 1118 91
650 1103 661 1117 ν
727 1103 737 1117 t
906 1104 915 1118 e
1005 1102 1015 1117 e
1053 1103 1061 1117 ἱ
1143 1100 1161 1119 ’ἴ
1304 1103 1324 1117 η

345 1119 414 1155 ,,οι
520 1115 611 1143 ισαν
643 1105 824 1156 εκβαντες
856 1107 965 1156 λειην
998 1104 1107 1155 οδον,
1137 1120 1162 1159 ῃ
1195 1118 1266 1156 περ
1299 1104 1445 1155 αμαξαι

284 1176 454 1219 ,Ράστυὸ’
492 1176 556 1231 ἀφ’
594 1179 764 1231 ὑψηλῶν
796 1177 920 1232 ὀρέων
951 1179 1184 1232 καταγίνεον
1217 1179 1329 1230 ὕλην.

176 1263 237 1294 105
285 1256 411 1311 κούρῃ
443 1253 486 1295 δὲ
517 1256 740 1307 ξύμβληντο
775 1254 852 1308 πρὸ
883 1255 1050 1302 ,Ράστεος
1081 1254 1322 1310 ὑδρευούσῃ,

283 1327 463 1384 θυγατέρ’
502 1330 653 1386 ἰφθίμῃ
685 1330 984 1384 Λαιστρυγόνος
1017 1330 1261 1381 Ἀντιφάταο·

177 1414 238 1449 107
285 1404 310 1458 ἣ
343 1404 414 1458 μὲν
444 1404 499 1459 ἄρ’
536 1405 574 1454 ές
606 1406 759 1459 κρήνην
790 1406 1024 1459 κατεβήσετο
1057 1404 1351 1459 καλλιρέεθρον,

181 1491 243 1522 109
291 1483 331 1522 οἳ
362 1480 404 1522 δὲ
435 1482 717 1535 παριστάμενοι
747 1482 1030 1536 προσεφώνεον
1061 1481 1103 1522 ἔκ
1134 1479 1160 1521 τ’
1196 1481 1363 1535 ἐρέοντο,

181 1567 243 1599 110
292 1558 334 1606 ὅς
365 1573 422 1606 τις
453 1555 571 1598 τῶνδ’
609 1558 670 1610 εἴη
701 1558 886 1611 βασιλεὺς
917 1557 984 1598 καὶ
1014 1561 1114 1598 τοῖσι
1143 1557 1353 1597 Ῐανάσσοι·

289 1633 315 1686 ἣ
349 1632 391 1674 δὲ
422 1631 505 1686 μάλ’
542 1634 683 1674 αὐτίκα
714 1634 860 1688 πατρὸς
893 1633 1114 1687 ἐπέφραδεν
1146 1631 1344 1687 ὑψερεφὲς
1378 1633 1445 1673 δῶ.

1586 1642 1646 1671 111
1673 1655 1715 1667 =
1740 1653 1755 1670 ο
1779 1642 1842 1671 424

314 1775 376 1804 108
402 1776 573 1815 Ἀρτακίην·
598 1775 689 1805 ἔνθεν
713 1776 771 1816 γὰρ
798 1775 878 1816 ὕδωρ
902 1776 992 1816 προτὶ
1016 1771 1126 1805 ,Ἐάστυ
1146 1775 1317 1817 ’φέρεσκοκ

182 1900 226 1932 98
249 1903 330 1939 κῦμά
354 1898 398 1943 γ’]
423 1902 531 1940 κύματ’
564 1899 650 1932 H²T
676 1903 733 1932 alii
757 1902 867 1942 Apoll.
892 1903 957 1934 lex.

183 1953 227 1985 94
252 1952 301 1993 ἦν]
326 1955 394 1984 τινι
419 1955 460 1984 cf.
486 1962 524 1984 no
552 1956 625 1985 302.

183 2006 226 2037 96
250 2005 380 2037 *αὐτόθ’
420 2014 459 2036 n⁰
484 2004 563 2050 322]
597 2010 700 2038 αὐτοῦ.
731 2006 744 2049 Η
778 2009 923 2050 ἐσχατιῇ]
949 2009 992 2039 cf.

138 2064 160 2101 β
185 2061 268 2097 391;
292 2066 340 2099 -ῆς
363 2061 492 2097 MDU,
515 2062 555 2090 ut
577 2074 586 2090 ι
612 2062 686 2091 280.

183 2113 242 2153 97]
257 2122 297 2143 ex
307 2123 356 2144 vs.
371 2114 434 2144 148
444 2114 511 2144 huc
524 2115 696 2144 invectum
711 2115 827 2144 censet
835 2115 992 2151 Nitzsch3

141 2176 187 2197 ve.
214 2167 315 2197 97-99
340 2167 480 2197 damnat
501 2167 682 2197 Duentzer.

187 2218 249 2249 101
276 2219 342 2258 sq]
366 2220 501 2250 inverso
527 2219 644 2249 ordine
668 2219 796 2249 habent
821 2220 849 2250 G
864 2220 907 2250 M.

189 2270 250 2302 101
276 2268 349 2311 εἶεν]
376 2272 417 2302 de
442 2272 594 2311 optativo
619 2272 661 2302 cf.
687 2278 725 2301 n0
750 2273 823 2302 109.

189 2323 253 2355 108
276 2325 348 2367 περ]
374 2325 396 2355 l.
422 2334 450 2354 a.
476 2337 535 2355 κεν.

187 2376 249 2408 105
263 2376 450 2418 ξύμβληντο]
461 2378 635 2417 poscimus
645 2377 858 2418 -βλήατο,νίᾶ.
869 2384 907 2407 11⁰
919 2379 933 2407 1
942 2378 991 2407 19.

187 2429 251 2461 108
281 2427 527 2473 Λαιστρυγόνος]
555 2432 763 2472 μεγαλήτορος
787 2431 824 2460 Ρ.
854 2428 867 2470 Η
896 2432 992 2460 Ἀντι-

140 2483 257 2524 φάταο]
279 2493 359 2513 -τοιο
379 2483 485 2513 codex
506 2483 529 2520 l,
550 2483 617 2513 vid.
637 2483 680 2512 ad
699 2492 749 2512 vs.
773 2484 851 2518 199;
865 2491 915 2512 vs.
930 2483 993 2512 114

140 2536 266 2574 legitur
290 2545 358 2566 acc.
384 2537 578 2576 Ἀντιφατῆα.
606 2536 656 2566 Cf.
684 2538 725 2565 M
748 2537 807 2566 191
832 2548 848 2565 ο
866 2536 928 2565 242
943 2544 991 2573 sq.
1027 2571 1029 2580 Ι

1027 2581 1029 2618 ξ
1062 2598 1128 2618 ces.
1165 2588 1304 2626 Requiri
1336 2588 1451 2626 potius
1483 2588 1532 2617 καὶ
1565 2586 1675 2615 ὁτέοισι
1708 2582 1760 2626 (ut
1787 2589 1810 2613 0
1835 2584 1911 2621 491)

186 2587 249 2619 107
274 2588 476 2629 κατεβήσετο]
501 2591 694 2629 κατεβήσατο
715 2589 929 2627 complures;
950 2589 993 2618 cf.

140 2648 178 2671 110
204 2641 278 2671 152.
314 2639 327 2682 ΙΙ
364 2641 598 2683 καλλιρέεθρον]
633 2641 675 2671 cf.
704 2644 862 2683 καλλίροος
886 2654 902 2682 ρ
929 2641 991 2670 206

141 2695 327 2732 notumque
352 2694 456 2724 fontis
480 2703 605 2724 nomen
631 2692 819 2724 Callirrhoe&

187 2746 265 2785 108]
297 2745 432 2776 Arlaeia
467 2747 533 2777 fuit
568 2747 644 2778 fons
681 2748 715 2777 in
748 2755 828 2785 agro
863 2747 992 2784 Cyzici,

141 2799 208 2829 vid.
242 2799 352 2837 Apoll.
390 2800 452 2830 Rh.
483 2800 500 2829 I
533 2800 596 2830 957
629 2809 707 2830 cum
732 2799 856 2835 seh01.;
882 2808 992 2837 neque

141 2852 244 2890 igitur
267 2853 345 2881 ante
371 2851 532 2889 Cyzicum
558 2852 729 2882 conditam
753 2852 842 2882 hunc
864 2852 992 2882 fontem

142 2914 160 2933 a
184 2905 314 2935 Graeco
339 2906 440 2943 poeta
461 2905 721 2935 commemorari
740 2905 892 2943 potuisse
914 2913 992 2934 con-

140 2958 341 2987 sentaneum
373 2958 434 2986 est.
468 2958 682 2996 Quapropter
714 2958 828 2996 ipsum
857 2966 993 2987 carmen

140 3011 324 3045 vetustum,
356 3009 446 3039 unde
477 3010 555 3039 libri
590 3022 607 3040 κ
631 3012 665 3040 et
691 3023 713 3048 μ
738 3019 756 3040 a
780 3010 993 3040 diasoeuasta

140 3064 219 3092 sunt
238 3062 336 3101 petiti
355 3058 437 3102 (vid.
459 3062 502 3092 ad
522 3062 624 3093 huius
643 3063 723 3093 libri
743 3063 903 3100 initium),
916 3064 994 3100 post

140 3115 311 3145 conditam
349 3114 486 3145 demum
532 3115 691 3154 Cyzicum
728 3115 830 3153 (circa
868 3123 992 3145 annum

1062 1904 1124 1934 700
1146 1912 1175 1933 a.
1197 1903 1246 1941 C.)
1266 1904 1430 1942 panctum
1444 1904 1560 1933 ceneet
1572 1902 1764 1938 Kirchhofl'3
1782 1902 1910 1931 Duent-

1059 1965 1117 1986 zer
1146 1965 1228 1986 vero
1262 1957 1296 1986 et
1322 1956 1435 1994 Bergk
1458 1964 1520 1994 pro
1544 1955 1661 1994 spurio
1686 1955 1814 1984 habent
1836 1963 1909 1983 ver-

1060 2018 1136 2039 sum
1170 2010 1245 2046 108,
1281 2009 1406 2047 quibus
1437 2009 1651 2038 assentimur.
1687 2007 1909 2045 scaturiginis

1061 2063 1162 2098 enim,
1184 2071 1270 2100 quae
1295 2070 1361 2091 non
1382 2061 1446 2091 nisi
1467 2061 1572 2091 semel
1598 2062 1631 2090 et
1654 2061 1688 2089 in
1713 2062 1910 2089 transcursu

1061 2116 1357 2151 commemoratur,
1390 2114 1431 2143 ab
1455 2114 1519 2143 hac
1546 2114 1739 2143 narratione
1763 2112 1910 2142 alienum

1062 2170 1113 2198 est
1149 2175 1292 2203 nomen3
1328 2175 1439 2205 neque
1474 2167 1595 2205 poetae
1630 2165 1786 2195 fabulosa
1817 2165 1912 2200 haec,

1062 2229 1165 2258 quam
1192 2220 1372 2255 describit,
1393 2220 1487 2257 regio
1507 2215 1565 2259 (cf.
1587 2227 1635 2248 vs.
1659 2219 1698 2247 83
1720 2226 1794 2255 sqq.
1807 2214 1829 2257 l)
1843 2219 1913 2246 tam

1063 2274 1221 2302 accurate
1252 2273 1331 2302 nota
1360 2281 1434 2301 esse
1460 2271 1571 2310 potuit
1594 2272 1632 2300 ut
1650 2270 1724 2309 ipsa
1748 2278 1911 2307 aquarum

1062 2325 1199 2355 nomina
1234 2325 1431 2355 memoriter
1468 2325 1608 2354 teneret.
1645 2323 1708 2359 Qui
1748 2320 1912 2351 Artaciam

1062 2378 1158 2414 dixit,
1180 2387 1246 2408 non
1269 2377 1400 2407 Lamum
1422 2377 1711 2415 Laestryyonasque
1730 2375 1841 2404 dicere
1855 2374 1912 2404 de-

1061 2431 1164 2461 bebat
1188 2430 1249 2461 sed
1275 2429 1416 2469 Cyzicum
1443 2431 1476 2459 et
1502 2428 1646 2458 Graecos.

1109 2482 1174 2513 110
1187 2485 1231 2522 εἴη
1245 2507 1263 2512 ..
1274 2507 1279 2512 .
1292 2479 1467 2524 sardicam]
1478 2482 1519 2511 de
1534 2481 1683 2519 optativo
1697 2480 1738 2509 cs.
1754 2486 1791 2508 n⁰
1806 2480 1879 2509 109.
1895 2476 1908 2518 ΙΙ

1062 2537 1112 2566 καὶ
1143 2536 1266 2573 τοῖσι(ν)
1299 2535 1372 2574 An]
1393 2536 1442 2564 καὶ
1468 2531 1546 2564 οἷσιν
1566 2532 1619 2563 vel
1647 2533 1694 2570 ἠδ’
1720 2529 1797 2561 οἷσιν
1821 2531 1911 2561 codi-

1062 2642 1115 2671 vel
1141 2643 1189 2671 καὶ
1215 2641 1318 2675 τέοισι,
1344 2640 1499 2670 codicum
1524 2639 1612 2668 enim
1636 2637 1814 2667 lectionem
1837 2646 1911 2666 sen-

1061 2703 1136 2723 sum
1171 2694 1302 2723 nullum
1335 2693 1510 2731 praebere,
1547 2690 1798 2721 Aristarcheam
1834 2698 1912 2718 vero

1062 2748 1120 2776 aut
1163 2746 1205 2783 (si
1247 2751 1344 2775 τοῖσιν
1385 2759 1428 2771 =
1470 2740 1564 2784 τίσιν)
1606 2742 1761 2780 analogia
1797 2750 1910 2771 carere

1062 2801 1120 2829 aut
1143 2797 1188 2840 (si
1213 2804 1309 2828 τοῖσιν
1332 2812 1375 2825 =
1396 2793 1528 2837 τούτοις)
1547 2795 1735 2833 tautologia
1758 2794 1911 2824 laborare

1061 2851 1117 2880 vix
1158 2851 1339 2887 tolerabili,
1383 2849 1608 2880 observarunt
1651 2847 1757 2877 Cobet
1795 2846 1910 2876 Nauck

1061 2905 1234 2934 Duentzer
1264 2903 1420 2934 Grashof.
1445 2902 1591 2940 Propter
1612 2898 1780 2938 synizesin
1800 2900 1913 2927 tamen

1061 2956 1289 2986 invehendum
1310 2965 1375 2986 non
1394 2955 1529 2985 videtur
1549 2953 1642 2983 τέοισι
1663 2953 1721 2981 aut
1733 2950 1854 2984 ὁτέοισι,
1867 2950 1910 2978 cf.

1062 3016 1098 3038 n0
1133 3010 1195 3039 102
1228 3011 1263 3040 et
1295 3008 1337 3038 ad
1365 3013 1388 3038 Ο
1413 3009 1492 3044 491;
1518 2995 1662 3036 fortusse
1692 2992 1912 3042 ferrffposset

1062 3060 1133 3091 *καὶ
1163 3061 1233 3102 τῇδε
1263 3055 1424 3091 ,Ρανάσσοι
1453 3061 1512 3090 aut
1538 3057 1657 3089 *λαοῖσι
1682 3051 1863 3086 ,Ρανάσσωιι
1894 3052 1906 3093 ΙΙ

1061 3115 1192 3144 ἀνάσσοι
1217 3114 1272 3144 Ar.
1298 3115 1332 3144 et
1354 3113 1450 3143 codd.
1472 3108 1641 3152 plerique]
1662 3111 1787 3139 ἀνάσσει
1802 3109 1830 3139 G
1844 3107 1910 3136 alii.
