2035 3406
856 901 1183 938 ΟΔΥΣΣΕΙΑΣ
1211 912 1250 939 ο.

765 1048 949 1084 Τηλεμάχου
973 1047 1050 1088 πρὸς
1074 1046 1210 1084 Εὔμαιον
1234 1044 1342 1085 ἄφιξις.

210 1399 282 1436 XV

381 1391 406 1444 ἣ
439 1391 477 1432 δ’
515 1393 569 1440 εἰς
602 1392 818 1445 εὐρύχορον
850 1393 1134 1443 Λακεδαίμονα
1168 1391 1328 1440 Παλλὰς
1361 1392 1510 1444 Ἀθήνη

328 1466 448 1525 ᾤχετ’,
472 1466 689 1520 Ὀδυσσῆος
721 1468 956 1520 μεγαθύμου
996 1468 1188 1519 φαίδιμον
1225 1467 1315 1507 υἱὸν

326 1545 467 1584 νόστου
500 1543 787 1595 ὑπομνήσουσα
819 1542 885 1582 καὶ
918 1541 1159 1595 ὀτρυνέουσα
1191 1542 1364 1582 νέεσθαι.

328 1617 424 1673 ηὗρε
457 1619 498 1659 δὲ
534 1618 759 1671 Τηλέμαχον
791 1618 857 1658 καὶ
888 1618 1086 1672 Νέστορος
1118 1618 1265 1672 άγλαὸν
1297 1619 1387 1659 υἱὸν

1617 1631 1638 1660 4
1661 1631 1703 1661 cf.
1730 1631 1748 1660 ὁ
1774 1631 1826 1670 21,
1852 1631 1914 1660 303

262 1706 279 1736 5
327 1693 472 1735 εὕδοντ’
511 1695 552 1735 ἐν
583 1695 771 1752 προδόμῳ
805 1696 1018 1735 Μενελάου
1050 1696 1293 1747 κυδαλίμοιο·

330 1767 354 1824 ἦ
387 1787 446 1811 τοι
478 1772 725 1824 Νεστορίδην
758 1775 918 1827 μαλακῷ
952 1770 1198 1823 δεδμημένον
1230 1772 1358 1827 ὕπνῳ,

1620 1781 1656 1812 gb
1682 1782 1723 1812 cf.
1751 1784 1781 1811 K
1805 1782 1823 1811 2

333 1846 559 1900 Τηλέμαχον
592 1844 628 1886 δ’
667 1846 738 1898 οὐχ
769 1847 895 1894 ὕπνος
928 1847 985 1899 ἔχε
1017 1847 1176 1900 γλυκὺς,
1207 1844 1284 1886 ἀλλ’
1322 1846 1378 1886 ἐνὶ
1408 1851 1527 1902 θυμῷ

330 1925 453 1963 νύκτα
486 1920 532 1962 δι’
567 1922 788 1975 ἀμβροσίην
820 1923 1064 1974 μελεδήματα
1095 1922 1242 1975 πατρὸς
1274 1922 1404 1976 ἔγειρε.

331 1998 417 2052 ἄγχι
450 1998 493 2038 δέ
517 1995 556 2037 F
591 1997 776 2050 ἱσταμένη
808 1997 988 2051 προσέφη
1021 2001 1245 2051 γλαυκῶπις
1277 1998 1437 2050 Ἀθήνη·

243 2084 282 2114 10
388 2105 411 2125 ,,
427 2070 628 2126 Τηλέμαχ’,
654 2073 782 2113 οὐκέτι
809 2073 908 2113 καλὰ
936 2074 1069 2125 δόμων
1096 2073 1173 2114 ἄπο
1200 2071 1277 2126 τῆλ’
1309 2073 1513 2125 ἀλάλησαι,

332 2149 506 2200 κτήματά
536 2165 575 2188 τε
606 2148 808 2202 προλιπὼν
840 2148 988 2201 ἄνδρας
1020 2146 1045 2188 τ’
1083 2148 1124 2188 ἐν
1158 2153 1260 2188 σοῖσι
1291 2149 1445 2200 δόμοισι

334 2226 435 2265 οὕτω
468 2224 749 2277 ὑπερφιάλους·
784 2225 836 2276 μή
869 2240 928 2264 τοι
960 2224 1062 2263 κατὰ
1092 2225 1221 2264 πάντα
1254 2225 1410 2277 φάγωσι

1621 1935 1658 1964 82
1681 1950 1724 1963 =
1748 1935 1780 1962 K
1802 1933 1842 1962 41

1619 2013 1637 2041 9
1662 2026 1705 2039 =
1730 2015 1758 2041 B
1787 2011 1848 2041 172

1615 2079 1673 2111 10b
1699 2081 1740 2110 ef.
1768 2092 1785 2118 γ
1810 2080 1873 2110 313

1620 2164 1720 2194 11-13
1756 2177 1799 2189 =
1830 2174 1849 2200 γ
1882 2161 1945 2190 314

1870 2214 1945 2244 sqq.

334 2301 509 2351 κτήματα
541 2300 793 2351 δασσάμενοι,
825 2300 873 2339 σὺ
903 2298 943 2339 δὲ
974 2300 1142 2351 τηϋσίην
1175 2299 1271 2339 ὁδὸν
1302 2300 1433 2355 ἔλθῃς.

234 2439 407 2471 Telemachi
430 2438 557 2469 itineris
581 2449 660 2478 pars
692 2441 857 2478 posterior
886 2440 964 2477 (vid.
991 2441 1033 2469 ad

186 2507 205 2523 α
231 2496 271 2524 88
297 2503 369 2531 sqq.
395 2495 428 2522 et
453 2494 469 2522 ὁ
494 2494 556 2522 613
583 2494 670 2530 sqq.)
695 2502 713 2522 a
736 2493 946 2522 diasceuasta
970 2493 1033 2522 hoc

187 2547 261 2576 loco
287 2548 338 2576 est
362 2546 497 2575 inserta.
523 2544 638 2583 Poeta,
665 2546 723 2582 qui
756 2544 859 2574 Ulixis
884 2544 1033 2575 ultionem

189 2599 280 2632 fecit,
302 2599 544 2628 Telemachum
566 2598 631 2627 alia
652 2599 791 2633 ratione,
813 2607 913 2636 quam
933 2598 1034 2627 hodie

190 2652 396 2688 ignoramus,
433 2659 472 2679 ex
508 2651 626 2679 matris
662 2650 804 2679 aedibus
849 2650 1036 2680 adduxerat

191 2704 233 2732 ad
258 2703 395 2732 domum
419 2703 571 2741 Eumaei,
595 2704 633 2732 ut
657 2703 704 2731 ibi
724 2702 812 2740 patri
838 2712 898 2732 suo
919 2712 1036 2732 occur-

190 2758 289 2785 reret.
332 2756 456 2784 Versus
503 2757 580 2785 1-74
624 2756 667 2784 ab
704 2756 778 2793 ipso
822 2755 1035 2785 diasceuasta

192 2809 352 2838 confictos
394 2808 521 2836 iudicat
564 2806 754 2843 Kirchhoff3
791 2810 967 2845 praeterea
1003 2809 1036 2837 in

190 2861 377 2899 posteriore
401 2861 479 2889 libri
503 2862 598 2898 parte
624 2861 732 2889 multa
756 2861 797 2889 ab
823 2870 861 2890 eo
883 2863 942 2891 aut
962 2870 1035 2890 mu-

191 2916 261 2943 tata
286 2915 364 2942 sunt
388 2915 446 2942 aut
470 2913 593 2941 addita.

237 2965 255 2996 5
281 2965 413 3003 εὕδοντ’]
438 2974 499 3003 pro
519 2965 611 2993 duali
636 2974 777 2994 numero
802 2967 894 2995 recte
918 2965 1038 2994 habuit

193 3020 259 3054 Ar.⁷
281 3019 338 3056 qui
360 3018 503 3047 fortasse
525 3018 644 3046 εὕδοντε
665 3017 765 3055 plene
783 3018 928 3055 scripsit.
942 3017 1038 3053 Quod

195 3071 419 3100 Telemachus
455 3079 588 3108 quoque
614 3070 738 3099 dicitur
763 3071 868 3104 εὕδειν,
894 3070 1039 3099 conferri

194 3126 307 3162 potest
331 3126 364 3153 A
390 3125 451 3153 611
480 3127 507 3152 Β
533 3124 561 3152 2.

1147 2440 1165 2471 7
1190 2440 1257 2479 ἔχε]
1283 2442 1327 2470 ἕλε
1355 2441 1393 2470 Ρ.

1146 2492 1165 2522 8
1191 2489 1297 2534 ἔγειρε]
1331 2493 1447 2533 ἄγειρεν
1480 2495 1512 2521 Χ
1543 2492 1577 2528 (i.
1612 2500 1639 2520 e.
1674 2491 1805 2532 ἥθροιζε,
1828 2490 1867 2519 ut·
1891 2498 1946 2519 ex-

1101 2546 1248 2584 plicatur
1271 2546 1305 2574 in
1331 2543 1451 2574 scholii
1474 2546 1571 2583 parte
1596 2544 1733 2582 priore),
1757 2543 1815 2572 vix
1836 2543 1946 2576 recte3

1103 2599 1163 2627 sed
1186 2599 1323 2635 vulgata
1348 2606 1482 2635 quoque
1507 2595 1721 2626 incommoda
1746 2596 1808 2625 est.
1831 2594 1949 2624 Nauck

1067 2676 1069 2688 ,
1103 2651 1247 2680 coniecit
1271 2651 1405 2689 ἔχεσκεν,
1430 2650 1473 2679 cf.
1497 2650 1513 2678 δ
1540 2651 1613 2679 650.
1634 2649 1669 2678 Si
1688 2648 1872 2686 genuinum
1898 2647 1950 2676 est

1102 2704 1244 2733 verbum
1275 2705 1407 2743 ἐγείρειν,
1433 2704 1524 2732 recte
1551 2702 1797 2739 interpretatur
1823 2699 1948 2729 schol.:

1102 2765 1197 2785 curae
1221 2765 1289 2785 eum
1321 2764 1337 2784 e
1360 2764 1463 2783 somno
1487 2753 1682 2789 ezcitabanss
1709 2753 1807 2783 nobis
1831 2760 1949 2782 verum

1103 2809 1237 2837 videtur
1262 2806 1373 2847 *ἔτειρε
1398 2807 1450 2836 vel
1485 2807 1600 2845 potius
1625 2805 1767 2847 *ἕτειρον,
1788 2806 1830 2834 cf.
1860 2809 1883 2834 Ο
1911 2805 1950 2834 61

1104 2873 1122 2889 α
1148 2861 1210 2889 342
1238 2872 1253 2898 η
1279 2861 1353 2897 218,
1378 2859 1538 2897 idemque
1562 2868 1651 2888 nunc
1677 2859 1784 2888 suasit
1804 2857 1926 2888 Naber.

1149 2912 1169 2942 9
1195 2911 1288 2950 *affl
1314 2912 1345 2941 δέ
1369 2905 1431 2951 f‘]
1459 2913 1560 2950 ἀγχοῦ
1584 2912 1627 2946 δ’,
1653 2911 1694 2940 ef.
1720 2917 1759 2940 no
1784 2911 1858 2940 318.

1150 2964 1190 2994 10
1216 2961 1329 3005 οὐκέτι]
1365 2966 1400 2993 οὐ
1430 2966 1486 3001 μὲν
1521 2964 1630 3003 Apoll.
1654 2964 1719 2993 lex.
1750 2960 1762 3003 ΙΙ
1792 2959 1871 3004 τῆλ’]
1897 2961 1953 2999 δὴν

1104 3018 1141 3053 F,
1166 3017 1265 3055 male,
1292 3017 1334 3046 cf.
1360 3023 1398 3046 n0
1424 3018 1476 3046 42.

1152 3068 1192 3098 13
1217 3065 1372 3109 κτήματα]
1396 3072 1542 3110 χρήματα
1557 3069 1630 3099 GH
1643 3068 1672 3098 X
1692 3067 1759 3098 alii.
1780 3064 1792 3108 Ι]
1811 3063 1951 3105 τηϋσίην]

1108 3121 1175 3151 vid.
1203 3121 1245 3150 ad
1270 3133 1286 3158 γ
1314 3122 1388 3150 316.
