2035 3406
167 209 252 251 312

940 211 1143 262 -ξ-

1356 220 1540 261 [Ὀδυσσέως
1558 222 1634 263 πρὸς
1654 221 1789 260 Εὔμαιον
1809 223 1910 259 ὁμιλία

196 365 285 400 XIV
309 360 495 401 ἔντοσθεν
528 359 568 401 δ’
605 363 726 415 αὐλῆς
759 363 932 413 συφεοὺς
965 364 1037 403 δύο
1069 362 1132 402 καὶ
1167 360 1239 402 δέκ’
1276 362 1397 402 ἐποίει

312 437 478 488 πλησίον
510 437 698 489 ἀλλήλων,
731 437 847 485 εὐνὰς
880 438 1005 477 συσίν·
1039 437 1079 477 ἐν
1112 436 1153 477 δὲ
1184 438 1360 494 ,Ρεκάστῳ

226 521 265 551 15
312 513 552 564 πεντήκοντα
585 515 674 561 σύες
706 514 989 565 χαμαιευνάδες
1022 513 1270 566 ἐρχατόωντο,

256 593 269 606 ·”
313 588 470 638 θήλειαι
501 589 671 636 τοκάδες·
702 588 762 628 τοὶ
791 586 830 627 δ’
866 588 1023 642 ἄρσενες
1055 588 1161 637 ε’κτὸς
1198 590 1314 628 ἴαυον

311 663 457 703 πολλὸν
488 664 733 717 παυρότεροι·
766 664 857 711 τοὺς
888 664 960 717 γὰρ
988 662 1248 715 ’μινύθεσκον
1280 664 1432 712 ἔδοντες

311 738 486 779 ἀντίθεοι
518 746 746 792 μνηστῆρες,
777 739 858 779 ἐπεὶ
890 742 1073 793 προΐαλλε
1104 741 1282 793 συβώτης

225 823 264 854 19
312 814 388 854 αἰεὶ
419 815 637 868 ζατρεφέων
669 816 814 855 σιάλων
845 816 914 856 τὸν
946 815 1104 869 ἄριστον
1138 815 1332 856 ἁπάντων.

224 899 262 929 21
311 890 390 943 πὰρ
423 890 465 930 δὲ
496 893 611 939 κύνες
642 892 808 945 θήρεσσι
839 893 1065 940 ,Ρεὶοικότες
1098 891 1181 932 αἰὲν
1214 893 1330 932 ἴαυον

310 965 502 1020 τέσσαρες,
533 966 602 1015 οὓς
625 967 771 1020 ἔθρεψε
803 969 980 1020 συβώτης
1013 967 1180 1021 ὄρχαμος
1212 967 1379 1021 ἀνδρῶν·

311 1042 428 1090 αὐτὸς
461 1040 498 1082 δ’
536 1042 638 1094 ἀμφὶ
669 1043 854 1083 πόδεσσιν
887 1041 1008 1083 §foto’
1044 1043 1227 1096 ἀράρισκε
1259 1043 1397 1083 πέδιλα

311 1117 468 1169 τάμνων
502 1118 623 1172 δέρμα
655 1119 787 1171 βόειον
819 1118 984 1172 ἐυχροές·
1018 1121 1056 1159 οἳ
1088 1118 1130 1159 δὲ
1161 1119 1209 1170 δὴ
1242 1118 1351 1159 ἄλλοι

223 1202 262 1232 25
311 1191 438 1249 ᾤχοντ’
475 1193 633 1242 ἄλλυδις
665 1194 779 1242 ἄλλος
811 1192 872 1246 ἅμ’
909 1194 1159 1248 ἀγρομένοισι
1191 1196 1335 1247 σύεσσι,

312 1270 353 1308 οἵ
379 1273 488 1322 τρεῖς·
521 1270 588 1310 τὸν
622 1269 664 1310 δὲ
694 1269 873 1323 τέταρτον
905 1269 1152 1323 ἀποπροέηκε
1184 1271 1345 1310 πόλινδε

313 1352 387 1384 σῦν
419 1345 559 1399 ἀγέμεν
591 1353 832 1399 μνηστῆρσιν
864 1346 1166 1399 ὑπερφιάλοισιν
1199 1346 1364 1402 ἀνάγκη,

314 1418 399 1474 ὄφρ’
435 1423 676 1475 ἱερεύσαντες
709 1423 860 1475 κρεάων
893 1423 1120 1475 κορεσαίατο
1153 1423 1300 1474 θυμόν.

372 1496 555 1549 ἐξαπίνης
589 1495 629 1536 δ’
660 1495 813 1549 Ὀδυσῆ’
850 1498 986 1538 ἓῖΙ-ἰδον
1017 1499 1132 1545 κύνες
1170 1497 1428 1551 ὑλακόμωροι.

223 1581 264 1611 30
312 1574 350 1612 οἳ
379 1571 449 1624 μὲν
482 1577 716 1626 κεκληγῶτες
749 1572 979 1627 ἐπέδραμον·
1013 1573 1135 1626 αὐτὰρ
1164 1571 1374 1621 Ὀδυσσεὺς

341 1714 381 1742 20
407 1715 433 1743 οἳ
459 1714 491 1743 δὲ
514 1716 682 1755 τριηκόσιοί
706 1725 736 1744 τε
761 1716 810 1744 καὶ
836 1713 966 1752 ἑξήκοντ’
992 1715 1141 1745 ἐπέλοντο.

341 1775 381 1803 2Ο
406 1775 561 1804 Zen.—
591 1773 603 1816 ΙΙ
635 1776 674 1805 22
701 1775 915 1806 Callistratus
936 1790 1002 1800 -—

164 1902 197 1930 et
219 1902 328 1931 Eust.:
355 1903 511 1943 κρεμαστὰ
533 1900 606 1937 τόξα
629 1906 735 1937 πίτυος
760 1905 791 1933 ἐκ
814 1904 1004 1945 μελανδρύου

164 1954 216 1987 (fr.
249 1955 335 1992 249).
366 1952 378 1995 Η
411 1952 637 1998 ἀμφικεάσσας]
675 1957 901 1995 compositum
937 1966 1003 1986 non

163 2008 315 2037 recurrit.

208 2059 249 2089 13
274 2060 330 2089 δέκ’
360 2057 467 2102 ἐποίει]
494 2061 566 2091 δέκα
589 2064 668 2091 ποίει
694 2062 790 2092 codd.

209 2111 248 2143 15
281 2110 519 2155 χαμαιευνάδες]
565 2121 602 2143 11⁰
646 2115 695 2144 17.
738 2112 750 2155 Η
796 2112 1003 2156 ἐρχατόωντο]

164 2166 305 2195 formam
342 2167 520 2196 manifesto
554 2167 710 2197 vitiosam
735 2169 866 2197 mutare
897 2168 1006 2197 nolui-

163 2227 239 2247 mus
262 2219 295 2247 in
321 2220 529 2257 εἴρχατάοντο.
559 2220 738 2257 Ingeniose
771 2221 1005 2258 IMHoogvliet

164 2271 307 2300 coniecit
326 2264 482 2312 ’.Ρέρχατο
507 2275 694 2310 πεντήκοντα
719 2275 787 2307 σύες
814 2275 1001 2311 χαμαιευνά-

164 2324 212 2357 δες
235 2325 317 2357 ἐντός
342 2320 399 2364 (Of.
426 2327 453 2353 P
475 2325 538 2354 354
563 2338 571 2354 ι
597 2325 657 2354 221
686 2324 700 2359 ξ
726 2326 764 2355 73
790 2327 822 2354 et
848 2332 884 2354 n⁰
914 2324 1002 2367 230),

164 2385 225 2414 pro
247 2375 360 2405 aoristz·
384 2377 491 2406 forma
514 2377 643 2407 habens
667 2373 860 2419 (’.Ρ)έρχατο.
892 2379 1002 2408 Etiam

165 2427 310 2470 *εἴρχατο
345 2430 451 2463 νυκτὸς
485 2427 623 2470 (ceteris
649 2428 852 2471 immutatis)
879 2432 1003 2460 tentari

164 2483 287 2520 potest,
334 2491 409 2510 nam
457 2482 498 2511 de
541 2483 649 2512 noctis
681 2484 813 2512 tantum
850 2485 1002 2521 tempore

164 2534 257 2571 loqui
290 2536 426 2572 poetam
464 2544 503 2564 ex
534 2544 582 2564 vs.
611 2536 662 2573 16,
688 2536 728 2564 25
753 2545 800 2573 sq.
826 2548 841 2564 ν
864 2537 927 2566 407
953 2546 1001 2574 sq.

165 2588 258 2623 patet
282 2588 316 2616 et
339 2596 400 2625 per
424 2596 459 2616 se
484 2588 710 2625 intellegitur3
738 2589 814 2626 quis
839 2589 928 2618 enim
953 2590 1002 2618 in-

164 2639 275 2668 terdiu
307 2641 475 2669 sexcentis
506 2641 612 2670 subus
638 2641 763 2679 pabula
788 2642 821 2670 in
846 2641 1004 2671 mandras

165 2692 329 2721 allaturus
352 2694 445 2722 erat?
469 2693 713 2731 Imperfectum
733 2695 846 2723 tamen
867 2694 920 2724 vel
941 2695 1002 2723 ite-

164 2744 309 2773 rativum
353 2746 583 2782 expectaveris
622 2747 735 2784 potius
773 2755 874 2784 quam
911 2747 1003 2785 plus-

165 2797 456 2834 quamperfectum
493 2800 617 2839 εἴρχατο
649 2800 706 2827 aut
731 2799 892 2828 aoristum
914 2795 1003 2841 ’.Ρέρ-

164 2859 253 2887 χατο,
296 2852 502 2887 quapropter
546 2851 740 2880 dubitamus
778 2860 819 2880 an
854 2853 1005 2889 praestet

165 2900 333 2942 *εἱργνύατ’
363 2902 444 2936 ἐντὸς
468 2902 520 2931 vel
545 2904 601 2932 αἰεὶ
628 2900 684 2942 (Cf.
709 2916 725 2933 κ
750 2901 837 2944 238).

211 2953 252 2984 16
284 2954 422 2992 τοκάδες]
457 2953 592 2994 scrofae.
628 2956 698 2985 Vox
733 2956 796 2985 hoc
831 2965 899 2985 uno
932 2956 1005 2985 loco

164 3007 261 3036 Hom.
287 3007 395 3036 obvia.

209 3058 266 3097 20]
298 3069 444 3098 versum,
478 3069 624 3097 quocum
648 3060 688 3089 ef.
711 3073 733 3097 μ
759 3061 820 3090 129
847 3070 908 3100 sq„
932 3062 1004 3090 iure

167 3111 337 3141 damnavit
361 3114 438 3142 Zeu.
465 3112 520 3150 (de
546 3121 644 3142 versu
679 3114 717 3142 22
746 3114 809 3142 hoc
834 3114 901 3143 dici
924 3115 1004 3143 Por-

1070 1912 1130 1933 son
1157 1903 1282 1941 aliique
1308 1903 1471 1941 suspicati
1494 1903 1585 1940 sunt)
1594 1911 1602 1939 ;
1627 1901 1796 1940 quomodo
1824 1901 1912 1931 enim

1071 1958 1226 1986 constare
1258 1958 1372 1995 potest
1407 1964 1569 1985 numerus
1601 1954 1751 1993 quotidie
1779 1954 1913 1984 decres-

1071 2010 1172 2040 cens?
1209 2007 1221 2050 ΙΙ
1260 2008 1409 2047 ἑξήκοντ’]
1446 2009 1602 2046 neglecto
1625 2004 1664 2038 f.
1686 2007 1721 2038 Si
1745 2008 1913 2045 genuinus

1071 2064 1161 2093 esset
1189 2071 1319 2102 versus,
1344 2061 1527 2092 delendum
1549 2062 1640 2091 esset
1661 2070 1702 2091 τε.
1730 2057 1743 2101 ΙΙ
1770 2058 1900 2098 ἑξήκοντ’

1071 2112 1224 2157 ἐγένοντο]
1248 2126 1356 2145 -κοντα
1379 2127 1405 2152 γ.
1430 2114 1528 2144 codd.

1114 2167 1155 2198 21
1182 2167 1260 2206 αἰὲν]
1288 2167 1371 2202 ἐκτὸς
1396 2167 1500 2197 GTn
1524 2166 1617 2196 Eust.

1113 2220 1157 2251 24
1181 2217 1317 2261 τάμνων]
1340 2220 1455 2257 τέμνων
1487 2219 1689 2258 complures.
1728 2216 1740 2259 Ι]
1774 2217 1912 2259 ἐυχροές]

1071 2277 1201 2315 ἐύχροον
1224 2270 1361 2303 H2LW
1387 2273 1455 2302 alii.
1487 2273 1561 2302 Non
1584 2271 1673 2301 redit
1690 2271 1912 2306 adiectivum3

1070 2326 1141 2356 bene
1176 2325 1328 2355 tinctum?
1361 2334 1403 2354 an
1419 2323 1561 2365 firmum,
1585 2323 1735 2354 densum?
1766 2321 1778 2364 Ι]
1809 2322 1907 2363 ἄλλοι]

1071 2381 1278 2417 suspectum.
1315 2378 1522 2416 Expectatur
1557 2386 1621 2406 vox
1656 2375 1818 2406 ministros
1845 2376 1910 2414 sig-

1071 2433 1221 2468 nificans,
1245 2432 1377 2469 ingrata
1401 2432 1514 2460 autem
1536 2431 1587 2460 est
1605 2429 1762 2468 repetitio
1776 2429 1859 2459 ἄλλοι

1070 2485 1165 2518 ἄλλος.

1115 2536 1158 2567 26
1182 2539 1259 2566 οἱ...
1290 2535 1358 2573 τὸν]
1391 2537 1575 2573 utrumque
1607 2535 1798 2573 articulum,
1822 2534 1911 2572 prio-

1070 2599 1141 2618 rem
1186 2590 1287 2624 certe,
1331 2588 1450 2617 abesse
1493 2587 1609 2617 velles.
1651 2585 1663 2628 ΙΙ
1703 2582 1910 2628 ἀποπροέηκε]

1072 2643 1118 2672 ἐπὶ
1143 2651 1192 2683 πρ.
1218 2642 1243 2671 Ρ
1268 2649 1334 2670 non
1359 2642 1461 2670 recte.

1115 2692 1156 2724 27
1181 2691 1305 2732 ἀγέμεν]
1331 2699 1368 2721 n0
1396 2693 1469 2722 126.

1114 2745 1156 2776 28
1181 2747 1296 2787 κρεάων
1320 2752 1357 2774 n0
1384 2745 1439 2783 72]
1465 2751 1579 2787 κρειῶν.
1605 2742 1618 2785 ΙΙ
1642 2744 1763 2783 θυμόν]
1791 2745 1913 2781 θυμούς

1070 2799 1158 2835 LW,
1182 2802 1274 2838 θυμῷ
1298 2795 1342 2827 Hl
1367 2806 1432 2827 non
1457 2798 1562 2833 male3
1590 2798 1632 2827 cf.
1658 2799 1771 2827 tamen
1790 2801 1815 2827 θ
1836 2798 1888 2827 98.

1115 2850 1158 2881 29
1188 2850 1304 2888 Ὀδυσῆ’
1352 2846 1476 2892 ἕίῖιδον]
1521 2855 1595 2888 -σῆα
1640 2850 1705 2880 ἴδον
1749 2849 1844 2879 codd.
1893 2846 1906 2889 Η

1073 2899 1275 2944 ὑλακόμωροι]
1300 2902 1388 2932 redit
1412 2903 1478 2932 adi.
1504 2912 1526 2932 π
1551 2903 1588 2940 43
1609 2902 1774 2932 terminus
1798 2903 1912 2931 autem

1071 2967 1192 2997 -μωρος,
1230 2955 1326 2984 cuius
1362 2955 1412 2984 vis
1443 2956 1583 2991 incerta,
1609 2955 1711 2985 etiam
1734 2955 1768 2984 in
1793 2956 1910 2993 ἐγχεσί-

1070 3020 1169 3049 μωρος
1193 3009 1226 3037 et
1252 3009 1380 3049 ἶόμωρος
1405 3009 1584 3046 reperitur.

1115 3058 1158 3089 30
1182 3063 1362 3098 κεκληγῶτες
1395 3061 1417 3089 l.
1451 3070 1480 3090 a.
1517 3061 1551 3090 in
1581 3057 1626 3102 H]
1661 3062 1778 3098 -γόντες
1801 3058 1910 3096 codd„

1072 3114 1126 3142 Ar.
1151 3114 1353 3150 utrumque3
1379 3113 1421 3144 cf.
1448 3116 1486 3142 M
1512 3114 1573 3142 125
1600 3116 1636 3142 Π
1655 3114 1718 3143 430
1741 3125 1762 3151 μ
1788 3112 1863 3142 256.
