2068 3390
93 197 135 225 M
138 196 292 236 νηστήρων
315 189 444 235 εὐωχία]

156 341 174 376 I

126 420 190 452 426

238 485 319 527 ἔνθ’
356 487 427 540 ἔβη
460 487 514 535 εἰς
547 485 669 538 εὐνὴν
701 484 825 525 πολλὰ
856 484 971 537 φρεσὶ
1006 484 1261 538 μερμηρίζων.

237 570 288 618 τῷ
322 560 358 602 δ’
394 560 452 616 ἄρ’
488 559 548 614 ἅμ’
585 559 802 613 αἰθομένας
835 560 974 607 δαΐδας
1003 557 1112 613 ’φέρε
1144 558 1265 599 κεδνὰ
1294 559 1434 598 fulvia

239 635 461 692 Εὐρυκλέεί
489 632 614 685 &mog
646 636 827 690 θυγάτηρ
860 635 1165 688 Πεισηνορίδαο,

126 723 191 755 430

962 196 992 224 α

238 411 394 464 ὑψηλὸς
420 410 605 463 ’δέδμητο
637 407 876 466 περισκέπτῳ
910 408 968 449 ἐνὶ
999 410 1123 466 χώρῳ,

237 714 308 766 τήν
339 729 432 754 ποτε
462 712 642 767 Λαέρτης
668 710 823 766 ’πρίατο
856 711 1074 751 κτεάτεσσιν
1106 710 1234 750 ε’.)ῑοῖσι

1790 180 1844 221 21

239 334 461 388 Τηλέμαχος
495 332 550 387 δ’,
584 334 652 374 ὅθι
682 335 751 372 foc
783 332 962 384 θάλαμος
995 331 1243 386 περικαλλέος
1276 331 1398 384 αὐλῆς

1524 423 1586 451 426
1613 422 1654 451 cf.
1680 419 1695 455 ξ
1720 423 1738 451 6

1524 464 1844 502 426b=n211,253

1525 575 1587 603 428
1613 575 1654 604 cf.
1680 574 1743 604 434

1522 649 1584 677 429
1599 653 1669 689 :fl
1679 649 1740 679 347
1752 660 1769 678 υ
1784 649 1845 678 148

1521 725 1602 757 430b
1626 743 1667 755 Ξ
1692 739 1707 756 ο
1731 728 1793 756 483

236 790 462 844 πρωθήβην
494 787 537 829 ἔτ’
575 788 732 840 ἐοῦσαν,
763 787 1028 840 ε’ἱεικοσίβοια
1060 784 1097 825 δ’
1134 786 1263 826 ἔδωκε·

235 868 332 906 ,Ρῖσα
364 864 406 905 δέ
436 882 503 918 μιν
534 866 654 921 κεδνῇ
687 863 811 921 ἀλόχῳ
838 862 933 903 ’τίεν
966 862 1007 902 ἐν
1038 863 1251 916 μεγάροισι,

238 941 277 982 εἳ
318 948 335 956 -ι
368 939 404 981 ὃ,
471 940 491 956 9!
593 937 603 953 9
644 940 662 954 91
846 939 855 952 Ι
989 936 999 951 Ί
1051 937 1060 952 9
1099 937 1107 951 Ι
1371 937 1381 950 l

256 958 335 998 υνῃ
442 957 490 981 ου
521 955 595 981 ποτ
640 955 782 992 εμικτο,
812 943 927 992 χολον
961 939 984 978 δ
1040 942 1185 978 αλεεινε
1216 953 1414 991 γυναικος.

237 1018 263 1070 ἢ
292 1019 361 1058 foc
392 1015 453 1070 ἅμ’
489 1015 707 1069 αἰθομένας
739 1016 877 1063 δαΐδας
904 1012 1028 1067 ’φέρε,
1058 1014 1127 1053 καί
1155 1015 1204 1053 fe
1236 1013 1398 1065 μάλιστα

124 1103 187 1134 435

234 1170 346 1219 ὤιξεν
378 1168 420 1210 δὲ
451 1170 582 1223 θύρας
615 1168 802 1220 θαλάμου
834 1168 942 1208 πύκα
974 1169 1168 1218 ποιητοῖο,

233 1245 333 1294 ἕζετο
368 1243 405 1285 δ’
443 1245 485 1285 ἐν
515 1244 672 1302 λέκτρῳ,
703 1243 879 1296 μαλακὸν
911 1240 946 1283 δ’
983 1241 1123 1282 ἔκδυνε
1156 1247 1310 1294 χιτῶνα·

236 1094 405 1151 δμῳάων
433 1091 625 1145 ’φιλέεσκε
653 1090 719 1132 καὶ
750 1091 884 1145 ἔτρεφε
915 1089 1064 1130 τυτθὸν
1097 1088 1220 1129 ἐόντα.

1525 1031 1589 1061 434
1614 1031 1655 1060 ef.
1684 1014 1746 1061 422'3

1526 1103 1607 1135 435⁸)
1630 1120 1673 1132 =
1697 1113 1724 1143 ψ
1749 1104 1811 1134 325

1527 1182 1609 1211 436⁸
1627 1197 1670 1209 Ξ
1689 1194 1711 1220 χ
1726 1183 1787 1212 399
1805 1183 1848 1211 cf.

1633 1234 1660 1256 ψ
1673 1227 1735 1256 370
1749 1239 1772 1256 ω
1786 1228 1845 1257 501

1528 1271 1591 1301 437
1618 1271 1659 1301 cf.
1688 1274 1714 1301 B
1738 1272 1777 1301 42

235 1321 301 1362 καὶ
333 1321 401 1362 τὸν
433 1319 504 1374 μὲν
536 1321 674 1375 γραίης
705 1318 948 1372 πυκιμηδέος
981 1318 1122 1371 ἔμβαλε
1153 1317 1268 1371 χερσί.

244 1396 262 1412 <1

129 1485 194 1516 440

240 1415 265 1450 η
294 1396 365 1450 μὲν
397 1398 465 1438 τὸν
496 1398 673 1446 πτύξασα
703 1395 770 1436 καὶ
802 1395 1006 1448 ἀσκήσασα
1037 1401 1179 1448 χιτῶνα

242 1475 429 1532 πασσάλῳ
464 1474 740 1528 ἀγκρεμάσασα
770 1472 878 1527 παρὰ
909 1475 1080 1526 τρητοῖσι
1111 1470 1258 1525 λέχεσσι

237 1549 304 1605 ’βῆ
337 1548 374 1605 ῥ’
410 1548 505 1604 ἴμεν’
541 1550 582 1591 ἐκ
612 1550 825 1602 θαλάμοιο,
855 1550 990 1603 θύρην
1023 1545 1060 1588 δ’
1099 1546 1285 1601 ἐπέρυσσε
1317 1545 1472 1601 κορώνῃ

238 1627 422 1685 ἀργυρέη,
453 1626 516 1668 ἐπὶ
549 1625 590 1667 δὲ
621 1623 748 1679 κληῖδ’
786 1625 994 1665 ἐτάνυσσεν
1027 1623 1169 1676 ἱμάντι.

237 1702 317 1745 ἔνθ’
355 1704 376 1745 ὅ
408 1720 450 1758 γε
481 1704 711 1755 παννύχιος,
742 1699 1033 1753 κεκαλυμμένος
1067 1699 1148 1747 οἰὸς
1181 1697 1307 1755 ἀώτῳ,

232 1779 414 1834 ’βούλευε
445 1779 561 1834 φρεσὶ
591 1781 713 1836 ,Ρῇσιν
746 1777 841 1819 ὁδὸν
872 1777 943 1830 τὴν
971 1773 1160 1830 ’πέφραδ’
1195 1774 1357 1827 Ἀθήνη.

130 1921 195 1953 425
219 1918 285 1965 sq.]
319 1931 360 1952 ex
389 1920 404 1956 ξ
435 1922 452 1952 5
479 1930 528 1960 sq.
552 1922 637 1951 haec
662 1921 819 1951 desumta
845 1929 932 1957 esse,

86 1976 134 2007 ibi
158 1977 272 2006 autem
296 1975 478 2014 perspicua
502 1984 577 2005 esse
603 1976 637 2004 et
667 1974 854 2013 aptissima,
878 1973 933 2002 hic

87 2029 270 2059 admodum
305 2028 450 2058 obscura
484 2036 640 2065 quaeque
675 2026 839 2056 delineari
879 2026 934 2055 vix

86 2082 228 2121 possint,
252 2082 325 2112 iure
349 2081 468 2112 statuit
496 2080 680 2110 Kirchhoff.
706 2080 791 2110 Nam
816 2079 880 2109 nisi
900 2079 934 2108 in

87 2137 183 2176 θόλῳ,
216 2134 275 2173 qui
298 2146 320 2173 χ
345 2134 492 2164 442-446
515 2134 810 2169 commemoratur,
835 2133 933 2171 pute-

88 2197 165 2218 mus
200 2187 305 2218 fuisse
331 2186 526 2217 Telemachi
551 2186 759 2222 cubiculum,
784 2185 818 2214 id
844 2184 934 2223 quod

89 2240 250 2271 credibile
281 2248 348 2269 non
382 2241 444 2276 est,
476 2248 597 2278 parum
629 2238 840 2276 intellegitur
868 2246 934 2276 quo

88 2302 189 2324 sensu
223 2293 354 2323 iuvenis
384 2292 516 2322 dicatur
547 2290 581 2321 in
612 2291 688 2321 aula
716 2292 934 2330 pernoctasse

88 2343 249 2388 (conferri
280 2346 394 2375 tamen
433 2346 577 2384 possunt
610 2347 629 2374 Ι
662 2344 725 2374 473
770 2345 804 2373 et
845 2352 862 2372 τ
893 2344 934 2372 48

90 2396 172 2440 sq.);
204 2399 317 2429 locum
351 2406 432 2428 vero
466 2396 519 2437 qui
553 2396 590 2426 ab
625 2395 709 2426 omni
741 2397 833 2435 parte
864 2404 934 2425 con-

89 2450 166 2491 spici
198 2453 303 2491 posset
337 2451 391 2480 vel
428 2450 518 2480 unde
558 2449 622 2479 late
664 2447 937 2488 circumspectaret

90 2504 156 2534 nisi
186 2504 219 2533 in
244 2502 330 2533 turri
352 2503 479 2533 habere
503 2503 559 2532 vix
586 2503 697 2541 potuit
705 2512 712 2539 ;
732 2502 809 2531 talis
832 2501 936 2530 turris

91 2557 125 2586 in
147 2557 270 2595 angulo
294 2556 507 2587 meridionali
527 2556 652 2594 regiae,
676 2564 763 2593 quae
787 2552 937 2592 Tirynthe

90 2609 144 2640 his
169 2610 266 2640 annis
290 2611 342 2639 est
362 2609 495 2646 effossa,
514 2610 649 2647 reperta
672 2609 724 2638 est
744 2616 824 2637 sane
845 2607 936 2636 haud

92 2663 209 2702 procul
235 2663 276 2693 ab
309 2663 396 2699 aula,
421 2662 481 2692 sed
504 2662 539 2691 in
561 2661 789 2700 descriptione
815 2660 936 2689 domus

92 2715 200 2746 Ulixis
235 2715 326 2754 apud
359 2716 545 2745 Homerum
581 2714 664 2743 alias
698 2722 764 2742 non
789 2721 935 2742 comme-

94 2770 252 2799 moratur.
288 2768 387 2799 Redit
414 2768 541 2798 locutio
565 2766 757 2809 περισκέπτῳ
781 2767 822 2795 ἑνὶ
845 2768 936 2807 χώρῳ

94 2833 112 2851 κ
147 2822 221 2858 211,
256 2822 318 2852 253
351 2820 367 2856 ξ
399 2822 429 2858 6,
464 2822 556 2850 recte
581 2821 693 2850 autem
723 2820 938 2858 comparatur

94 2875 126 2903 ἐν
161 2874 403 2915 περιφαινομένῳ
437 2886 450 2904 ε
486 2874 549 2904 476
560 2882 568 2910 ;
599 2882 718 2911 parum
750 2871 937 2911 probabilis

95 2926 148 2955 est
169 2926 282 2963 opinio
304 2926 533 2956 Doederleinii
555 2924 593 2954 ab
616 2923 700 2955 omni
709 2926 806 2965 parte
826 2925 938 2954 tectum

93 2979 256 3008 vertentis
291 2979 366 3009 coll.
399 2979 514 3013 σκέπας
539 2979 662 3008 σκεπάω
687 2978 783 3015 (item
808 2977 937 3007 Ameis-

95 3031 250 3069 Hentze).

139 3082 203 3114 428
218 3083 307 3114 κεδνὰ
315 3079 428 3114 ,Ριδυῖα
437 3091 475 3114 n⁰
488 3080 566 3126 160]
578 3083 655 3114 κέδν’
669 3083 772 3121 (κεδνὰ
783 3083 823 3121 G)
833 3082 939 3112 εἰδυῖα.

1043 1917 1109 1949 429
1133 1917 1301 1959 Εὐρυκλέεί
1330 1923 1368 1947 n⁰
1394 1916 1452 1955 73]
1477 1916 1572 1946 -κλεί,

1044 1971 1108 2002 431
1135 1967 1363 2011 ἐᾶῑεικοσίβοια]
1390 1971 1519 2009 -σάβοια
1546 1968 1660 2003 codd-3
1685 1968 1726 1997 cs.
1752 1980 1774 2006 χ
1796 1968 1848 1998 57.

1045 2023 1112 2055 436
1136 2020 1250 2065 θύρας]
1276 2031 1386 2053 nonne
1412 2020 1555 2062 *θύρηνῗ
1582 2021 1625 2050 cf.
1650 2030 1698 2050 vs.
1725 2021 1786 2050 441
1815 2022 1849 2049 et

1001 2078 1043 2108 ad
1068 2079 1084 2113 ζ
1106 2079 1156 2108 19.
1183 2076 1330 2106 Pluralis
1353 2077 1465 2105 tamen
1487 2076 1578 2105 extat
1600 2077 1619 2103 I
1635 2074 1698 2104 473
1722 2075 1755 2103 et
1774 2073 1848 2103 475.

1044 2129 1110 2161 438
1145 2125 1268 2172 γραίης]
1304 2129 1396 2170 γρηὸς
1430 2129 1456 2158 Ρ
1493 2127 1559 2157 alii.
1598 2126 1737 2157 Nonnisi
1770 2126 1801 2155 h.
1826 2125 1848 2155 l.

1000 2183 1148 2214 occurrit
1182 2182 1361 2220 genitivus.
1413 2178 1425 2222 ΙΙ
1473 2175 1671 2221 πυκιμηδέος]
1711 2179 1848 2208 adiecti-

1002 2246 1081 2267 vum
1105 2236 1138 2266 h.
1163 2236 1184 2265 l.
1210 2236 1243 2265 et
1268 2235 1301 2264 h.
1327 2235 1400 2264 Ger.
1428 2235 1489 2263 153
1518 2233 1665 2262 obvium.

1045 2288 1112 2320 440
1135 2284 1372 2331 ἀγκρεμάσασα]
1399 2289 1459 2324 ἐγκ.
1484 2282 1525 2316 Ρ2
1540 2282 1596 2322 Ηῖ,
1622 2288 1682 2315 ἐκκ.
1707 2287 1754 2316 W.
1776 2284 1849 2314 Non

1001 2342 1090 2372 redit
1114 2341 1340 2380 compositum
1365 2339 1443 2378 (vid.
1469 2341 1583 2369 tamen
1609 2339 1641 2368 h.
1667 2339 1729 2376 Ap.
1756 2339 1797 2376 8).

1046 2394 1109 2425 441
1136 2391 1201 2436 sq.]
1227 2393 1342 2423 vetula
1366 2391 1529 2422 manubrio
1548 2388 1692 2432 (κορώνῃ)
1715 2391 1848 2420 ianuam

1001 2446 1151 2484 attrahit,
1177 2439 1346 2487 {nt-fepziet,
1372 2445 1463 2484 quod
1487 2445 1571 2474 alias
1596 2446 1747 2473 ἐπιθεῖναι
1768 2443 1849 2472 diei-

1002 2502 1075 2536 tur3
1102 2499 1307 2530 contrarium
1333 2500 1401 2528 est:
1428 2498 1561 2527 ianuam
1584 2498 1697 2526 ἀνεῖναι
1711 2496 1760 2533 (Φ
1773 2496 1849 2532 537)

1002 2554 1056 2583 vel
1081 2555 1238 2583 ἀνακλῖναι
1271 2553 1312 2588 (Ε
1336 2547 1426 2592 751),
1457 2548 1591 2590 aperire.
1623 2549 1753 2579 Deinde
1782 2558 1849 2587 pes-

1002 2605 1105 2648 sulum
1128 2606 1247 2644 (κληῖδα
1270 2618 1313 2631 =
1336 2605 1465 2642 μοχλόν,
1491 2603 1533 2632 cf.
1560 2602 1601 2631 ad
1627 2603 1657 2631 ,Ω
1682 2603 1757 2639 318)
1779 2601 1849 2630 10Γο

1003 2659 1189 2688 adductum
1211 2659 1244 2687 in
1266 2659 1400 2696 postem
1421 2656 1548 2685 inserit.
1569 2656 1693 2685 Loruln
1707 2655 1780 2687 hoc,
1795 2663 1849 2683 ex-

1003 2713 1133 2742 sertum
1157 2720 1218 2749 per
1243 2711 1405 2745 foramen,
1431 2708 1602 2747 pendebat
1634 2709 1726 2737 extra
1759 2707 1851 2736 cubi-

1004 2765 1130 2801 culum,
1166 2764 1326 2802 pessulus
1355 2763 1465 2791 autem
1494 2761 1614 2790 ianuae
1638 2769 1657 2790 a
1680 2762 1775 2798 parte
1801 2760 1849 2788 in-

1003 2818 1126 2847 teriore
1154 2817 1290 2846 additus
1314 2817 1396 2846 erat.
1422 2814 1472 2844 cf.
1497 2814 1514 2843 δ
1539 2815 1601 2843 802
1627 2826 1648 2852 φ
1673 2814 1726 2849 46,
1756 2814 1828 2842 391.

1047 2868 1112 2899 441
1150 2865 1311 2910 ἐπέρυσσε]
1349 2867 1504 2905 neglecto
1531 2861 1576 2902 ,Η
1602 2866 1756 2903 PKnight
1780 2861 1849 2895 gf&-

1003 2933 1106 2964 ρυσσε,
1133 2922 1194 2952 sed
1217 2921 1425 2960 praepositio
1451 2919 1641 2949 necessaria
1663 2918 1804 2947 videtur.
1832 2915 1845 2957 Η

1004 2971 1134 3016 κορώνῃ]
1159 2974 1225 3004 vid.
1254 2987 1270 3013 η
1295 2975 1336 3004 90
1358 2985 1380 3014 φ
1406 2973 1457 3002 46.
1483 2971 1584 3001 Armis
1598 2973 1714 3012 κορώνη
1738 2974 1764 2999 Δ
1788 2971 1846 2999 111

1006 3029 1306 3064 commemoratur;
1327 3027 1362 3056 in
1379 3038 1401 3065 φ
1422 3026 1483 3055 138
1500 3026 1533 3054 et
1555 3025 1615 3053 165
1637 3023 1775 3053 dubium
1799 3023 1849 3051 est

1006 3081 1171 3111 ianuaene
1195 3080 1404 3118 significetur
1429 3080 1545 3119 κορώνη
1571 3087 1611 3106 an
1637 3075 1744 3105 arcus.
