2068 3390
946 259 1001 287 VIt

96 390 250 426 videtur
286 388 385 425 effici
421 398 539 433 posse
576 397 626 424 ex
662 397 780 423 versu
819 386 842 424 δ
881 389 969 435 249,
1009 389 1073 425 ubi
1108 399 1177 434 pro
1206 385 1411 438 ἀβάκησαν
1440 392 1601 434 praebet
1632 387 1849 441 ἀκάκησαν,

96 461 270 498 confusis
301 481 349 486 -—
381 464 425 496 ut
453 460 497 496 fit
528 479 579 486 —-
605 459 748 496 litteris
778 459 803 510 β
833 461 869 502 (i.
901 468 932 494 e.
968 462 1007 501 u)
1036 459 1077 494 et
1103 457 1184 502 κ’).

150 531 220 577 „In
245 530 411 575 singulis
435 529 589 575 paginis
613 529 828 574 archetypi,
853 539 928 574 quo
954 530 1015 564 usi
1041 530 1136 565 sunt
1151 529 1274 575 FOZ,
1295 530 1409 566 binae
1430 541 1617 568 versuum
1639 534 1845 571 columnae

99 601 304 646 „extitisse
343 601 537 644 videntur,
581 599 685 634 unde
721 599 833 635 facile
875 608 981 635 error
1024 599 1295 635 memorabilis
1338 601 1566 646 explicatur,
1605 604 1748 647 quoin
1778 604 1851 640 FZ

96 679 259 715 „versus
289 683 319 707 ω
349 670 437 714 479,
470 669 558 713 481,
590 669 678 712 483,
709 669 797 714 485,
828 669 916 714 487,
949 669 1037 713 489,
1075 670 1147 704 491
1180 679 1319 705 omnes
1348 671 1577 706 antecedere
1606 674 1727 708 coacti
1757 676 1852 709 sunt

96 740 298 785 „versibus
332 740 406 775 hoc
444 739 578 775 ordine
616 740 972 783 subsequentibus:
1011 740 1099 785 480,
1140 741 1229 786 482,
1268 740 1357 785 484,
1396 741 1484 785 486,
1525 742 1612 786 488,
1644 742 1730 787 490,
1762 744 1850 787 492,

95 809 258 855 „ceteris
275 808 316 852 2).
344 809 390 844 In
420 808 463 856 O,
493 809 527 843 si
556 810 660 845 recte
699 809 853 845 rettulit
880 810 1036 854 Anglus
1066 820 1305 856 anonymus,
1334 810 1409 846 482
1440 812 1479 846 et
1509 812 1584 845 483
1615 813 1844 856 transpositi

93 880 212 925 „sunt
240 880 280 914 et
307 882 398 923 post
428 878 500 913 491
533 879 713 922 sequitur
743 879 858 914 480.’'
889 880 1091 921 (Ludwich
1123 880 1242 925 praef.
1273 890 1309 924 p.
1339 879 1461 923 XIV).

144 1002 198 1038 G.
243 1001 496 1037 Florentinus
537 1001 826 1037 Laurentianus
868 1001 1040 1047 XXXII,
1085 1003 1133 1037 24
1178 1002 1352 1038 saeculi
1390 1001 1446 1039 X.
1490 1002 1546 1038 De
1589 1003 1661 1039 hoc
1705 1005 1845 1049 codice,

89 1081 206 1116 quem
243 1070 508 1116 Ludwichius,
556 1081 646 1106 cum
680 1071 870 1115 temporis
909 1072 1105 1116 angustiis
1144 1071 1418 1116 prohiberetur
1458 1073 1669 1116 quominus
1715 1075 1843 1108 totum

87 1142 302 1186 excuteret,
332 1140 586 1176 festinantius
615 1139 781 1176 lectione
810 1141 1086 1177 transcurrens
1117 1141 1326 1186 excerpsit,
1356 1141 1430 1176 vid.
1466 1151 1586 1186 supra
1615 1152 1702 1186 pag.
1734 1153 1758 1177 v
1786 1153 1844 1187 sq.

140 1267 193 1302 P.
231 1263 435 1300 Palatinus
464 1262 506 1298 n⁰
537 1264 608 1308 45;
638 1263 922 1308 Heidelbergae
949 1264 1189 1299 asservatur.
1222 1263 1353 1299 Codex
1381 1266 1708 1301 membranaceus
1740 1265 1842 1301 foliis

88 1335 164 1370 234
192 1334 412 1378 odysseam
441 1342 532 1368 cum
561 1332 1011 1379 Batrachomyomachia
1040 1333 1212 1379 exhibet,
1243 1335 1284 1369 et
1312 1333 1461 1369 scholia
1491 1345 1617 1379 usque
1646 1335 1693 1370 ad
1722 1349 1752 1383 φ
1782 1336 1842 1370 20.

89 1407 243 1444 Desunt
283 1405 304 1452 ζ
344 1405 565 1450 224-316,
609 1406 650 1441 et
691 1408 723 1443 θ
764 1407 890 1443 9—-31
936 1408 976 1443 in
1020 1408 1197 1452 margine
1247 1407 1395 1443 addidit
1446 1417 1591 1443 manus
1637 1408 1842 1452 posterior.

87 1477 264 1522 Scriptus
302 1476 364 1512 est
402 1474 536 1510 annis
566 1476 674 1511 1201
705 1485 771 1521 sq.
803 1487 825 1513 a
852 1477 1051 1522 Palagano
1080 1478 1262 1522 quodam,
1294 1477 1372 1513 filio
1402 1477 1595 1522 Pelegrini
1627 1478 1781 1514 comitis
1798 1476 1839 1520 3).

85 1547 336 1592 Descriptum
377 1554 466 1582 esse
509 1553 559 1579 ex
601 1546 815 1591 archetypo
857 1547 999 1584 litteris
1041 1548 1275 1584 minusculis
1318 1549 1481 1584 exarato
1526 1548 1636 1593 patet
1677 1561 1700 1584 κ
1743 1547 1842 1583 227:

89 1615 261 1655 δάπεδον
295 1611 333 1654 δ’
370 1614 477 1653 ἅπαν
509 1609 781 1667 ἀμφιβέβηκεν
813 1631 882 1666 pro
915 1615 1200 1668 ἀμφιμέμυκεν.

129 1751 153 1791 ¹)
177 1753 216 1783 In
252 1762 319 1792 quo
351 1763 463 1785 errore
498 1764 573 1785 cum
607 1764 646 1785 eo
679 1754 874 1793 conspirant
905 1754 930 1784 O
961 1755 996 1783 et
1025 1754 1066 1789 Z;
1096 1753 1130 1783 in
1158 1753 1186 1782 D
1214 1755 1266 1783 est
1293 1754 1466 1791 ἀκάμησαν,
1496 1752 1586 1790 quod
1614 1752 1765 1782 eiusdem
1793 1754 1844 1782 est

91 1806 229 1837 farinae.

128 1856 155 1900 2)
185 1859 295 1890 Etiam
331 1860 364 1889 in
402 1860 517 1890 codice
551 1861 573 1890 k
604 1860 695 1890 hunc
727 1868 875 1890 errorem
924 1861 1039 1890 extare
1077 1861 1255 1889 monuerat
1286 1858 1485 1889 LaRochius
1515 1859 1643 1897 proleg.
1679 1867 1711 1896 p.
1740 1858 1841 1888 XVII.

85 1911 168 1941 Cum
200 1914 314 1942 autem
347 1912 480 1943 codices
512 1913 538 1943 O
570 1915 604 1944 et
634 1914 657 1943 Z
683 1922 748 1943 non
772 1922 812 1943 ex
837 1913 911 1952 ipso
936 1913 1051 1943 codice
1075 1913 1101 1942 F
1126 1912 1315 1951 descriptos
1343 1920 1418 1942 esse
1445 1911 1565 1941 doceat
1589 1911 1760 1947 Ludwich,
1789 1920 1843 1940 res

86 1965 152 1994 huc
183 1965 280 2001 redit,
312 1967 351 1995 ut
382 1966 414 1995 in
447 1968 591 2004 quatuor
620 1967 674 1996 his
705 1966 879 1996 codicibus
910 1966 1100 2004 reperiatur
1132 1975 1225 1996 error
1245 1966 1443 2001 communis,
1475 1965 1564 1995 unde
1590 1966 1754 2003 appareat
1785 1972 1843 1993 eos

87 2018 223 2048 fluxisse
258 2028 375 2049 omnes
409 2028 449 2049 ex
480 2020 663 2058 archetypo
697 2019 786 2049 binis
818 2019 983 2049 columnis
1014 2019 1214 2058 perscripto,
1249 2019 1283 2048 in
1315 2026 1382 2056 quo
1406 2026 1525 2047 versus
1556 2029 1579 2047 ω
1604 2018 1666 2047 479
1691 2026 1763 2055 sqq.
1796 2018 1840 2047 ita

91 2073 204 2101 essent
235 2071 408 2110 dispositi:

725 2117 800 2154 [col.
828 2113 872 2157 1.)
1053 2113 1133 2157 (col.
1159 2116 1202 2152 2.)

770 2169 833 2199 479
1104 2167 1167 2198 480

771 2214 833 2244 481
1104 2213 1168 2242 482

769 2259 832 2288 483
1098 2257 1163 2287 484

767 2302 831 2332 485
1099 2302 1163 2331 486

766 2347 829 2377 487
1099 2347 1162 2375 488

767 2392 830 2421 489
1099 2391 1163 2420 490

766 2437 826 2466 491
1098 2435 1173 2465 492.

89 2489 253 2525 Quoniam
277 2491 391 2520 autem
415 2489 581 2520 eiusmodi
605 2499 698 2520 error
721 2498 786 2519 non
809 2488 872 2518 nisi
898 2488 1003 2518 semel
1028 2488 1120 2517 nasci
1145 2487 1267 2526 potuit,
1292 2486 1412 2516 deinde
1437 2494 1517 2515 vero
1538 2485 1580 2515 ab
1602 2485 1675 2514 aliis
1695 2485 1841 2513 librariis

89 2542 310 2572 oscitantibus
343 2544 476 2581 poterat
505 2543 624 2580 repeti,
657 2544 787 2572 certum
818 2543 870 2571 est
897 2541 964 2570 iam
996 2541 1028 2570 in
1053 2542 1150 2579 patre
1175 2537 1334 2581 (fortasse
1356 2539 1458 2569 etiam
1480 2539 1513 2568 in
1539 2547 1600 2569 avo
1625 2539 1677 2568 vel
1701 2535 1839 2577 proavo)

90 2595 214 2624 codicis
242 2595 267 2624 F
291 2595 353 2625 hos
376 2603 494 2625 versus
527 2595 574 2624 ita
598 2595 703 2625 fuisse
729 2594 956 2633 perturbatos.
987 2593 1071 2624 Nam
1103 2593 1131 2623 si
1155 2601 1329 2622 sumamus
1355 2592 1500 2621 scribam
1529 2591 1653 2621 codicis
1678 2591 1702 2619 F
1728 2591 1838 2628 ipsum

89 2646 121 2675 in
158 2647 246 2676 hunc
283 2656 430 2678 errorem
467 2648 614 2687 primum
652 2647 821 2684 incidisse,
859 2656 899 2676 ex
935 2646 1049 2677 codice
1081 2646 1106 2675 F
1137 2645 1325 2684 descriptos
1359 2653 1434 2675 esse
1465 2644 1598 2674 codices
1629 2643 1725 2674 OZk
1762 2643 1839 2672 inde

89 2699 272 2736 efficiatum
305 2701 398 2739 atqui
428 2701 491 2730 hoc
522 2701 568 2731 ita
604 2710 679 2731 esse
711 2702 813 2739 negat
837 2699 1016 2730 Ludwich:
1054 2708 1133 2737 ergo
1165 2699 1276 2729 scriba
1308 2698 1433 2728 codicis
1464 2698 1489 2727 F
1520 2697 1552 2726 in
1587 2696 1701 2726 codice
1738 2705 1837 2733 quem

89 2752 294 2789 sequebatur
323 2753 385 2783 hos
407 2762 526 2783 versus
552 2762 656 2792 pravo
683 2753 800 2783 ordine
832 2752 1015 2791 dispositos
1043 2751 1180 2782 invenit.
1206 2752 1325 2789 Itaque
1350 2750 1538 2781 stemmatis
1562 2749 1645 2779 haec
1672 2748 1837 2787 particula

89 2803 251 2835 delineari
278 2814 378 2844 posse
402 2806 553 2836 videtur:

219 2855 254 2898 a)
279 2859 500 2897 archetypum
533 2858 622 2889 binis
654 2859 822 2888 columnis
852 2857 1094 2897 perscriptum,
1117 2857 1226 2887 codici
1251 2857 1354 2895 igitur
1379 2856 1400 2886 S
1425 2854 1635 2885 simillimum
1661 2853 1713 2883 vel
1739 2853 1834 2882 Euri-

278 2911 367 2950 pidis
392 2912 499 2941 codici
522 2911 751 2942 Laurentiano
774 2910 908 2946 XXXII,
935 2912 964 2941 2.

221 2961 250 2998 b)
279 2964 450 3003 exemplar
485 2964 564 2993 hine
599 2963 807 3003 descriptum
844 2963 966 2993 litteris
1000 2963 1212 2999 minusculis,
1248 2963 1282 2992 in
1319 2971 1386 3000 quo
1418 2962 1545 2991 librarii
1579 2961 1678 2998 culpa
1710 2959 1834 2989 turbati

280 3018 375 3046 erant
401 3026 449 3047 vs.
475 3029 498 3046 ω
522 3018 585 3048 479
611 3027 684 3056 sqq.

220 3078 236 3099 c
279 3069 412 3100 codices
435 3070 580 3101 Fozk.

133 3118 158 3159 3)
182 3066 254 3152 vid).
288 3122 450 3152 Ludwich
485 3123 518 3152 in
554 3131 665 3161 progr.
698 3121 856 3152 Academ.
893 3122 1083 3160 Regimont.
1122 3122 1205 3151 1888
1231 3129 1263 3159 p.
1288 3121 1318 3157 3,
1342 3120 1382 3149 H.
1407 3119 1572 3149 Schrader
1592 3118 1624 3147 in
1657 3116 1831 3155 Porphyrii

278 3174 412 3210 Quaest.
437 3175 534 3205 Hom.
560 3176 600 3205 ad
625 3175 686 3206 Od.
711 3176 951 3213 pertinentium
977 3175 1129 3212 reliquiis
1152 3184 1184 3213 p.
1212 3175 1284 3203 164.
