2068 3390
90 183 222 224 Νέκυια]
874 201 930 206 -·-
964 176 989 221 λ
1019 202 1072 207 -’
1766 178 1851 221 239

133 331 196 367 XI
241 325 266 378 ἢ
298 324 335 366 δ’
373 326 410 374 ἐς
442 324 597 379 πείραθ’
634 327 744 367 ἵκανε
776 328 1011 381 βαθυρρόου
1038 326 1257 368 Ὠκεανοῖο.

151 411 192 442 14
239 401 341 442 ἔνθα
374 401 416 442 δὲ
448 403 677 456 Κιμμερίων
708 401 868 456 ἀνδρῶν
902 404 1025 456 δῆμός
1062 420 1100 443 τε
1131 403 1244 451 πόλις
1276 418 1327 454 τε,

152 486 191 517 15
239 476 324 531 ἠέρι
354 477 421 517 καὶ
451 477 596 534 νεφέλῃ
623 477 920 530 κεκαλυμμένοι·
954 479 1048 519 οὐδέ
1079 476 1158 519 ποτ’
1196 479 1342 527 αὐτοὺς
1538 492 1595 521 15“
1620 492 1663 522 cf.
1689 497 1713 521 θ
1740 494 1802 523 562

239 552 367 605 ἠέλιος
399 553 568 605 φαέθων
598 553 879 608 καταδέρκεται
911 554 1120 608 ἀκτίνεσσι,
1536 566 1574 595 16
1590 566 1862 605 cf.Hes.Theog.

1801 613 1863 642 760

240 627 327 669 οὔθ’
366 630 426 670 ὅτε
457 646 500 670 κε
536 631 704 686 στείχῃσι
735 630 833 684 πρὸς
865 631 1039 684 οὐρανὸν
1072 631 1315 686 ἀστερόεντα,

1537 653 1646 693 17bsq.
1657 657 1729 694 ofin
1739 658 1801 687 380
1813 666 1863 695 sq.

241 702 328 745 οὔθ’
367 706 427 746 ὅτε
459 704 488 746 κ’
520 705 580 759 ἂψ
608 706 671 747 ἐπὶ
698 711 816 761 γαῖαν
845 704 906 747 ἀπ’
939 708 1166 761 οὐρανόθεν
1195 708 1477 763 προτράπηται·

239 779 317 821 ἀλλ’
353 781 415 822 ἐπὶ
447 783 520 831 νὺξ
554 781 647 835 ὀλοὴ
680 782 830 823 τέταται
864 785 1055 824 ὃαῑειλοῖσι
1088 787 1273 838 βροτοῖσι.

149 866 190 897 20
237 864 317 910 νῆα
350 856 422 910 μὲν
453 855 537 898 ἔνθ’
573 858 756 908 ἐλθόντες
789 858 1012 912 ἐκέλσαμεν,
1042 860 1083 900 ἐκ
1116 860 1159 901 δὲ
1189 861 1236 901 τὰ
1267 865 1370 914 μῆλα

1533 873 1573 902 20
1601 872 1643 902 cs.
1669 886 1678 902 ι
1706 873 1767 902 546

239 932 421 987 εἱλόμεθ’·
454 934 567 976 αὐτοὶ
600 933 635 975 δ’
673 931 766 976 αὖτε
798 936 907 991 παρὰ
939 937 1034 990 ῥόον
1061 935 1268 978 Ὠκεανοῖο

238 1010 366 1063 ἤιμεν,
398 1009 483 1065 ὄφρ’
521 1011 558 1060 ἐς
591 1019 718 1066 χῶρον
751 1010 960 1065 ἀφικόμεθ’
999 1011 1045 1053 ὃν
1072 1011 1218 1068 ’φράσε
1250 1015 1391 1068 Κίρκη.

298 1085 410 1139 »ἔνθ’
447 1088 575 1141 ἱερήια
608 1086 679 1140 μὲν
713 1089 943 1142 Περιμήδης
977 1090 1206 1143 Εὐρύλοχός
1238 1106 1277 1130 τε

238 1164 361 1217 ἔσχον·
395 1164 469 1218 ἐγὼ
503 1162 538 1204 δ’
576 1164 648 1218 ἄορ
682 1163 752 1214 ὀξὺ
783 1165 1080 1219 ,Ρερυσσάμενος
1113 1166 1221 1219 παρὰ
1253 1173 1381 1220 μηροῦ

149 1250 188 1280 25
237 1241 393 1295 βόθρον
425 1239 533 1294 ὄρυξ’
573 1241 691 1281 ὅσσον
722 1257 761 1282 τε
793 1243 1017 1295 πυγούσιον
1050 1242 1152 1282 ἔνθα
1185 1242 1250 1282 καὶ
1282 1242 1394 1282 ἔνθα·

1536 1103 1596 1134 231)
1620 1119 1664 1131 =
1686 1116 1707 1142 μ
1736 1105 1797 1134 195

1535 1179 1859 1208 24cf.‹1›1732321

1537 1252 1577 1282 25
1588 1261 1638 1291 sq.
1653 1252 1695 1282 cf.
1710 1252 1863 1290 u517sq.

239 1315 333 1369 ἀμφ’
371 1317 477 1374 αὐτῷ
511 1316 554 1357 δὲ
586 1317 683 1371 χοὴν
710 1316 873 1371 ’χεόμην
904 1326 1026 1358 πᾶσιν
1057 1320 1251 1372 νεκύεσσι,

240 1401 375 1448 πρῶτα
408 1395 636 1452 μελικρήτῳ,
667 1394 867 1447 μετέπειτα
900 1393 942 1435 δὲ
973 1394 1091 1447 ,Ρηδέι
1122 1396 1263 1453 Ῐοίνῳ,

238 1470 281 1510 τὸ
313 1471 442 1524 τρίτον
474 1465 566 1510 αὖθ’
603 1471 730 1511 iidata·
763 1470 826 1511 ἐπὶ
858 1468 893 1511 δ’
932 1470 1077 1522 ἄλφιτα
1109 1469 1208 1511 λεύκ’
1247 1471 1456 1511 ἐπάλυνον.

237 1546 362 1587 πολλὰ
395 1544 431 1586 δ’
468 1546 719 1600 ἕγουναόμην
750 1548 905 1588 νεκύων
939 1547 1120 1600 ἀμενηνὰ
1151 1548 1319 1601 κάρηνα,

149 1632 190 1663 30
237 1623 367 1664 ἐλθὼν
400 1624 453 1672 εἰς
481 1621 649 1676 Ἰθάκην
681 1628 837 1678 στεῖραν
869 1626 984 1677 βοῦν,
1021 1624 1046 1676 ἤ
1078 1640 1134 1673 τις
1167 1624 1317 1678 ἀρίστη,

1537 1408 1577 1439 27
1602 1422 1646 1435 =
1671 1420 1688 1438 κ
1713 1408 1775 1437 519

1535 1484 1576 1512 28
1586 1491 1636 1520 sq.
1652 1482 1695 1512 cf.
1711 1494 1728 1512 κ
1739 1482 1802 1511 520
1814 1490 1865 1519 sq.

1537 1525 1597 1557 28¹²
1621 1527 1664 1557 cf.
1689 1529 1718 1556 A
1743 1527 1806 1556 640

1538 1636 1706 1666 30-32=n
1716 1635 1778 1665 522
1790 1644 1864 1672 sqq.

242 1697 405 1753 ῥεξέμεν’
444 1699 486 1740 ἐν
518 1701 720 1755 μεγάροισι
751 1701 885 1754 πυρήν
918 1698 946 1740 τ’
983 1699 1232 1753 ἐμπλησέμεν’
1271 1700 1437 1740 ἐσθλῶν·

134 1888 250 1933 14-19]
277 1891 415 1921 damnat
442 1891 625 1921 Duentzer.

134 1944 176 1974 14
203 1941 393 1987 Κιμμερίων]
421 1947 597 1986 Κερβερίων
618 1944 747 1981 Crates,
769 1953 855 1982 quae
874 1943 941 1974 lec-

88 1999 135 2028 tio
170 1998 268 2028 fiuxit
292 2007 333 2028 ex
358 1998 431 2028 ioco
456 1998 694 2037 Aristophanis
717 1998 837 2027 comici
860 1998 942 2027 Ran.

90 2052 171 2087 187;
198 2052 255 2080 alii
280 2054 470 2093 Κεμμερίων,
493 2051 550 2080 alii
569 2054 758 2093 Χειμερίωνς
773 2051 815 2080 cf.
830 2051 943 2088 Etym.

88 2105 201 2142 Magn.
235 2104 310 2141 513,
341 2105 393 2134 44.
426 2104 622 2134 Aristarcho
655 2105 818 2134 tribuitur
841 2104 943 2134 lectio

89 2157 266 2200 Κερβερέων
298 2155 396 2199 (-ι’ων)
429 2158 463 2187 in
496 2158 601 2187 schol.
626 2158 675 2194 H3
702 2157 794 2196 quod
818 2157 942 2187 falsum

88 2219 163 2240 esse
206 2211 376 2240 intellexit
419 2211 570 2245 Nitzsch,
608 2211 663 2240 cui
699 2211 829 2240 assensi
865 2212 945 2240 sunt

87 2264 309 2302 Sengebusch
339 2264 457 2294 Rohde
482 2264 655 2294 Ludwich.
682 2281 723 2285 —
747 2264 787 2293 In
812 2264 944 2293 ultimis

87 2319 197 2347 terrae
229 2317 354 2347 finibus
385 2317 540 2347 habitare
572 2317 774 2347 Cimmerios
796 2326 837 2346 ex
859 2317 944 2355 ipsis

86 2372 208 2409 poetae
233 2367 302 2412 (vel
326 2370 441 2409 potius
465 2367 717 2412 diasceuastae)
743 2370 856 2399 verbis
885 2379 943 2408 ap-

87 2425 201 2462 paret3
228 2423 305 2453 ideo
330 2432 448 2453 eorum
473 2423 567 2461 regio
589 2423 734 2461 caligine
756 2425 847 2453 tecta
869 2432 943 2452 esse

89 2477 220 2507 dicitur.
251 2478 302 2507 Ex
332 2478 481 2507 Homero
513 2479 627 2507 tamen
660 2477 852 2507 accuratius
885 2476 942 2506 de-

89 2530 215 2568 signari
244 2531 364 2569 nequit
395 2530 659 2561 Cimmeriorum
686 2532 794 2568 terra3
828 2531 942 2568 poste-

89 2584 195 2614 riores
226 2584 347 2615 Graeci
379 2584 436 2621 (cf.
463 2584 588 2614 Herod.
613 2584 658 2614 IV
684 2585 737 2622 11)
764 2584 806 2613 ad
830 2584 943 2613 lacum

88 2637 295 2667 Maeotidem
326 2646 384 2667 eos
413 2637 636 2673 collocabant,
665 2637 810 2667 fortasse
839 2638 942 2666 recte.

88 2690 218 2720 Nomen
248 2690 397 2720 indicare
422 2690 560 2720 videtur
586 2692 723 2729 gentem
749 2689 783 2719 in
810 2688 944 2720 tenebris

89 2741 299 2781 habitantem3
331 2744 366 2773 in
397 2744 678 2783 inscriptionibus
710 2743 857 2781 Assyriis
893 2742 942 2771 di-

91 2798 214 2826 cuntur
240 2795 386 2826 Gimirri.
606 2790 608 2793 ’

137 2846 253 2892 16-19]
280 2850 515 2889 componenda
539 2851 591 2880 est
614 2850 699 2880 haec
727 2849 844 2879 fabula
868 2857 944 2878 cum

91 2903 281 2934 narratione
304 2903 345 2933 de
366 2903 562 2942 praelongis
581 2903 854 2941 Laestrygonum
875 2901 944 2931 die-

90 2955 155 2986 bus
181 2968 198 2986 κ
225 2958 264 2986 82
292 2966 366 2994 sqq.

136 3007 178 3039 16
203 3009 420 3051 καταδέρκεται
457 3009 628 3048 Aristoph.
658 3009 715 3039 Ar.
750 3008 793 3047 T]
828 3008 945 3049 ἐπιδέρ-

92 3073 176 3092 κεται
214 3062 311 3092 codd.
348 3064 426 3092 cett.
463 3062 514 3093 Cf.
548 3063 582 3092 h.
620 3063 693 3092 Cer.
731 3063 771 3092 70
807 3061 945 3091 Hesiod.

93 3115 220 3152 Theog.
261 3116 335 3145 760.
374 3115 474 3154 Apud
511 3116 699 3146 Homerum
735 3124 846 3153 neque
881 3115 945 3143 hoc

976 1919 977 1923 ,
1011 1890 1238 1929 compositum
1280 1899 1391 1928 neque
1436 1889 1521 1919 illud
1563 1889 1646 1918 alias
1681 1888 1862 1926 reperitur.

1056 1943 1096 1975 17
1122 1942 1192 1973 *ὅτε
1225 1943 1273 1982 κε]
1307 1944 1391 1973 ὁπότ’
1427 1943 1482 1981 ἂν;
1515 1943 1710 1973 conferatur
1744 1950 1864 1971 versus

1011 2007 1170 2036 sequens.

1056 2050 1096 2080 18
1123 2052 1172 2080 ὅτε
1198 2050 1243 2089 κ’]
1269 2050 1312 2080 ὅτ’
1341 2048 1386 2080 ἂν.

1055 2103 1099 2134 20
1125 2103 1171 2141 ἐκ]
1199 2106 1229 2133 ἐν
1252 2103 1317 2133 FP
1343 2103 1413 2132 alii.

1055 2156 1099 2187 22
1126 2157 1209 2195 ἤιμεν
1232 2153 1363 2198 Nauck]
1391 2156 1498 2197 ᾗομενς
1524 2155 1566 2185 cf.
1592 2167 1609 2185 κ
1636 2156 1711 2184 251.

1055 2209 1099 2240 24
1122 2206 1232 2251 ἔσχον]
1259 2206 1344 2249 εἶχον
1367 2209 1404 2240 F.

1056 2263 1097 2293 25
1132 2263 1222 2301 sqq]
1259 2263 1301 2293 ab
1337 2263 1402 2292 hoc
1438 2271 1539 2292 versu
1576 2261 1696 2300 incipit
1730 2261 1865 2290 vetusta

1012 2317 1171 2351 narratio,
1204 2325 1307 2354 quam
1338 2316 1419 2345 huic
1442 2316 1517 2345 loco
1542 2315 1687 2344 inseruit
1711 2314 1864 2343 diasceu-

1012 2372 1102 2405 asta3
1136 2370 1178 2399 cf.
1205 2369 1247 2398 ad
1272 2381 1290 2399 κ
1314 2370 1377 2399 482
1404 2378 1478 2407 sqq.
1504 2386 1545 2389 —
1569 2368 1749 2398 Kirchhoff
1768 2368 1868 2405 putat

1011 2423 1118 2453 Ulixis
1147 2422 1189 2452 ad
1212 2422 1340 2452 inferos
1364 2422 1429 2452 iter
1451 2423 1586 2460 partem
1610 2421 1717 2450 fuisse
1742 2420 1867 2450 veteris

1011 2476 1120 2512 Nosti,
1143 2475 1373 2513 antiquissimi
1394 2475 1498 2513 igitur
1519 2474 1689 2510 carminis,
1709 2473 1791 2503 olim
1808 2482 1866 2502 au—

1011 2530 1081 2558 tem
1104 2528 1293 2566 cyclopeae
1314 2528 1349 2557 id
1374 2528 1596 2558 subiunctum
1624 2527 1742 2563 fuisse,
1763 2526 1810 2555 ita
1831 2527 1869 2555 ut

1011 2581 1235 2620 praecederet
1265 2581 1450 2612 adventum
1484 2581 1591 2611 Ulixis
1623 2580 1666 2610 ad
1700 2580 1866 2617 Calypsus

1012 2635 1171 2664 insulam.

1057 2687 1098 2718 25
1125 2686 1209 2730 ὄρυξ’
1247 2684 1356 2729 ὅσσον]
1390 2686 1484 2730 ὄρυξα
1513 2688 1586 2717 ὅσον
1609 2683 1655 2716 Ηι
1679 2686 1748 2722 alii,
1776 2685 1867 2724 quod

1012 2741 1134 2771 vitium
1159 2750 1200 2771 ex
1220 2741 1360 2779 antiqua
1381 2740 1554 2770 scribendi
1574 2740 1705 2769 ratione
1722 2739 1828 2768 fluxit.
1849 2736 1861 2778 [1

1013 2794 1197 2833 πυγούσιον]
1224 2794 1266 2824 ad
1291 2806 1309 2824 κ
1335 2795 1409 2824 517.

1057 2846 1100 2878 26
1125 2847 1218 2886 χοὴν]
1240 2849 1318 2887 χοὰς
1337 2847 1373 2878 F.
1401 2845 1413 2888 [1
1436 2845 1584 2886 ’χεόμην]
1606 2846 1654 2876 sic
1667 2846 1867 2884 ΑΓ.,χεάμην

1012 2901 1104 2937 ΖΘΠ.,
1127 2901 1241 2939 χέομεν
1265 2901 1310 2931 Μ.

1057 2952 1100 2984 28
1124 2954 1201 2983 λεύκ’
1229 2953 1397 2992 ἐπάλυνον]
1422 2953 1515 2983 λευκὰ
1539 2954 1674 2982 πάλυνον
1704 2951 1800 2980 codd.

1057 3006 1100 3037 29
1136 3005 1348 3046 *ἒγουναόμην
1386 3014 1424 3036 n0
1458 3007 1522 3036 144
1558 3007 1593 3035 et
1628 3004 1706 3043 191]
1740 3006 1869 3041 -νούμην

1012 3057 1142 3101 (-νάμην
1165 3059 1212 3090 Η2
1225 3058 1280 3102 K).

1059 3112 1099 3142 31
1126 3111 1255 3153 ῥεξέμεΰ
1283 3119 1321 3142 n⁰
1349 3111 1427 3152 125]
1453 3111 1554 3152 ῥέξειν.
