<?xml version="1.0" encoding="UTF-8"?>
<!DOCTYPE html PUBLIC "-//W3C//DTD XHTML 1.0 Transitional//EN"
    "http://www.w3.org/TR/xhtml1/DTD/xhtml1-transitional.dtd">
<html xmlns="http://www.w3.org/1999/xhtml" xml:lang="en" lang="en">
 <head>
  <title>
</title>
<meta http-equiv="Content-Type" content="text/html;charset=utf-8" />
  <meta name='ocr-system' content='tesseract 3.04.00' />
  <meta name='ocr-capabilities' content='ocr_page ocr_carea ocr_par ocr_line ocrx_word'/>
</head>
<body>
  <div class='ocr_page' id='page_1' title='image "./odysseaecarminac00homeuoft/odysseaecarminac00homeuoft_0464.png"; bbox 0 0 2035 3406; ppageno 0'>
   <div class='ocr_carea' id='block_1_1' title="bbox 135 209 972 252">
    <p class='ocr_par' dir='ltr' id='par_1_1' title="bbox 135 209 972 252">
     <span class='ocr_line' id='line_1_1' title="bbox 135 209 972 252; baseline 0.005 0"><span class='ocrx_word' id='word_1_1' title='bbox 135 209 223 252; x_wconf 83' lang='lat'>440</span> <span class='ocrx_word' id='word_1_2' title='bbox 915 238 972 242; x_wconf 97' lang='lat'><strong>—</strong></span> 
     </span>
    </p>
   </div>
   <div class='ocr_carea' id='block_1_2' title="bbox 1061 224 1889 264">
    <p class='ocr_par' dir='ltr' id='par_1_2' title="bbox 1061 224 1889 264">
     <span class='ocr_line' id='line_1_2' title="bbox 1061 224 1889 264; baseline 0.004 -12"><span class='ocrx_word' id='word_1_3' title='bbox 1061 240 1117 243; x_wconf 84' lang='lat'>-—</span> <span class='ocrx_word' id='word_1_4' title='bbox 1304 224 1488 263; x_wconf 83' lang='grc' dir='ltr'>[Ὀδυσσέως</span> <span class='ocrx_word' id='word_1_5' title='bbox 1513 225 1562 254; x_wconf 80' lang='grc' dir='ltr'><em>καὶ</em></span> <span class='ocrx_word' id='word_1_6' title='bbox 1587 226 1766 263; x_wconf 81' lang='grc' dir='ltr'><em>Πηνελόπης</em></span> <span class='ocrx_word' id='word_1_7' title='bbox 1786 227 1889 264; x_wconf 78' lang='grc' dir='ltr'><em>ὁμιλία</em></span> 
     </span>
    </p>
   </div>
   <div class='ocr_carea' id='block_1_3' title="bbox 148 306 1289 313">
    <p class='ocr_par' dir='ltr' id='par_1_3' title="bbox 148 306 1289 313">
     <span class='ocr_line' id='line_1_3' title="bbox 148 306 1289 313; baseline 0 0"><span class='ocrx_word' id='word_1_8' title='bbox 148 306 1289 313; x_wconf 95' lang='lat' dir='ltr'> </span> 
     </span>
    </p>
   </div>
   <div class='ocr_carea' id='block_1_4' title="bbox 1730 312 1888 317">
    <p class='ocr_par' dir='ltr' id='par_1_4' title="bbox 1730 312 1888 317">
     <span class='ocr_line' id='line_1_4' title="bbox 1730 312 1888 317; baseline 0 0"><span class='ocrx_word' id='word_1_9' title='bbox 1730 312 1888 317; x_wconf 95' lang='lat' dir='ltr'> </span> 
     </span>
    </p>
   </div>
   <div class='ocr_carea' id='block_1_5' title="bbox 157 362 1297 418">
    <p class='ocr_par' dir='ltr' id='par_1_5' title="bbox 157 362 1297 418">
     <span class='ocr_line' id='line_1_5' title="bbox 157 362 1297 418; baseline 0.004 -18"><span class='ocrx_word' id='word_1_10' title='bbox 157 366 256 401; x_wconf 87' lang='lat' dir='ltr'>XIX</span> <span class='ocrx_word' id='word_1_11' title='bbox 284 362 463 401; x_wconf 77' lang='grc' dir='ltr'><em>δίπλακα·</em></span> <span class='ocrx_word' id='word_1_12' title='bbox 496 363 618 417; x_wconf 83' lang='grc' dir='ltr'><em>αὐτάρ</em></span> <span class='ocrx_word' id='word_1_13' title='bbox 649 366 718 404; x_wconf 49' lang='grc' dir='ltr'><em>ἔοι</em></span> <span class='ocrx_word' id='word_1_14' title='bbox 755 365 901 417; x_wconf 81' lang='grc' dir='ltr'><strong><em>περόνη</em></strong></span> <span class='ocrx_word' id='word_1_15' title='bbox 936 362 1088 418; x_wconf 85' lang='grc' dir='ltr'><em>χρυσοῖ’</em></span> <span class='ocrx_word' id='word_1_16' title='bbox 1125 364 1297 405; x_wconf 80' lang='grc' dir='ltr'><strong><em>ἐτέτυκτο</em></strong></span> 
     </span>
    </p>
   </div>
   <div class='ocr_carea' id='block_1_6' title="bbox 283 437 1315 494">
    <p class='ocr_par' dir='ltr' id='par_1_6' title="bbox 283 437 1315 494">
     <span class='ocr_line' id='line_1_6' title="bbox 283 437 1315 494; baseline 0.006 -19"><span class='ocrx_word' id='word_1_17' title='bbox 283 437 462 477; x_wconf 79' lang='grc' dir='ltr'><em>αὐλοῖσιν</em></span> <span class='ocrx_word' id='word_1_18' title='bbox 494 440 704 491; x_wconf 79' lang='grc' dir='ltr'><em>διδύμοισι·</em></span> <span class='ocrx_word' id='word_1_19' title='bbox 736 441 906 493; x_wconf 78' lang='grc' dir='ltr'><em>πάροιθε</em></span> <span class='ocrx_word' id='word_1_20' title='bbox 940 439 982 480; x_wconf 84' lang='grc' dir='ltr'>δὲ</span> <span class='ocrx_word' id='word_1_21' title='bbox 1014 442 1203 482; x_wconf 81' lang='grc' dir='ltr'><em>δαίδαλον</em></span> <span class='ocrx_word' id='word_1_22' title='bbox 1235 437 1315 494; x_wconf 76' lang='grc' dir='ltr'><em>ἦεν·</em></span> 
     </span>
    </p>
   </div>
   <div class='ocr_carea' id='block_1_7' title="bbox 283 511 1363 568">
    <p class='ocr_par' dir='ltr' id='par_1_7' title="bbox 283 511 1363 568">
     <span class='ocr_line' id='line_1_7' title="bbox 283 511 1363 568; baseline 0.005 -17"><span class='ocrx_word' id='word_1_23' title='bbox 283 511 325 551; x_wconf 82' lang='grc' dir='ltr'><em>ἐν</em></span> <span class='ocrx_word' id='word_1_24' title='bbox 356 512 576 567; x_wconf 80' lang='grc' dir='ltr'><em>προτέροισι</em></span> <span class='ocrx_word' id='word_1_25' title='bbox 606 515 768 555; x_wconf 82' lang='grc' dir='ltr'><em>πόδεσσι</em></span> <span class='ocrx_word' id='word_1_26' title='bbox 799 517 908 555; x_wconf 76' lang='grc' dir='ltr'><em>κύων</em></span> <span class='ocrx_word' id='word_1_27' title='bbox 940 515 998 568; x_wconf 78' lang='grc' dir='ltr'>ἔχε</span> <span class='ocrx_word' id='word_1_28' title='bbox 1028 517 1206 556; x_wconf 79' lang='grc' dir='ltr'><em>ποικίλον</em></span> <span class='ocrx_word' id='word_1_29' title='bbox 1240 516 1363 568; x_wconf 81' lang='grc' dir='ltr'><em>ἕλλὸν,</em></span> 
     </span>
    </p>
   </div>
   <div class='ocr_carea' id='block_1_8' title="bbox 282 586 1361 643">
    <p class='ocr_par' dir='ltr' id='par_1_8' title="bbox 282 586 1361 643">
     <span class='ocr_line' id='line_1_8' title="bbox 282 586 1361 643; baseline 0.006 -17"><span class='ocrx_word' id='word_1_30' title='bbox 282 586 524 641; x_wconf 79' lang='grc' dir='ltr'><em>ἀσπαίροντα</em></span> <span class='ocrx_word' id='word_1_31' title='bbox 555 591 671 630; x_wconf 80' lang='grc' dir='ltr'><em>λάων·</em></span> <span class='ocrx_word' id='word_1_32' title='bbox 703 590 744 630; x_wconf 90' lang='grc' dir='ltr'>τὸ</span> <span class='ocrx_word' id='word_1_33' title='bbox 778 588 817 630; x_wconf 83' lang='grc' dir='ltr'>δ’</span> <span class='ocrx_word' id='word_1_34' title='bbox 855 591 1151 643; x_wconf 79' lang='grc' dir='ltr'><em>ἕθαυμάζεσκον</em></span> <span class='ocrx_word' id='word_1_35' title='bbox 1180 592 1361 643; x_wconf 74' lang='grc' dir='ltr'><em>ἅπαντες,</em></span> 
     </span>
    </p>
   </div>
   <div class='ocr_carea' id='block_1_9' title="bbox 170 661 1370 720">
    <p class='ocr_par' dir='ltr' id='par_1_9' title="bbox 170 661 1370 720">
     <span class='ocr_line' id='line_1_9' title="bbox 170 661 1370 720; baseline 0.008 -20"><span class='ocrx_word' id='word_1_36' title='bbox 170 670 232 701; x_wconf 83' lang='lat'>230</span> <span class='ocrx_word' id='word_1_37' title='bbox 280 661 331 709; x_wconf 84' lang='grc' dir='ltr'>ὡς</span> <span class='ocrx_word' id='word_1_38' title='bbox 363 669 533 716; x_wconf 81' lang='grc' dir='ltr'><em>χρυσεῖοι</em></span> <span class='ocrx_word' id='word_1_39' title='bbox 565 664 691 712; x_wconf 77' lang='grc' dir='ltr'><em>ἐόντες</em></span> <span class='ocrx_word' id='word_1_40' title='bbox 727 663 747 704; x_wconf 84' lang='grc' dir='ltr'>ὃ</span> <span class='ocrx_word' id='word_1_41' title='bbox 781 664 851 716; x_wconf 79' lang='grc' dir='ltr'><em>μὲν</em></span> <span class='ocrx_word' id='word_1_42' title='bbox 880 663 962 705; x_wconf 77' lang='grc' dir='ltr'><em>’λάε</em></span> <span class='ocrx_word' id='word_1_43' title='bbox 994 666 1137 720; x_wconf 88' lang='grc' dir='ltr'><em>νεβρὸν</em></span> <span class='ocrx_word' id='word_1_44' title='bbox 1170 666 1370 720; x_wconf 78' lang='grc' dir='ltr'><em>ἀπάγχων,</em></span> 
     </span>
    </p>
   </div>
   <div class='ocr_carea' id='block_1_10' title="bbox 282 737 1298 794">
    <p class='ocr_par' dir='ltr' id='par_1_10' title="bbox 282 737 1298 794">
     <span class='ocr_line' id='line_1_10' title="bbox 282 737 1298 794; baseline 0.006 -18"><span class='ocrx_word' id='word_1_45' title='bbox 282 738 405 791; x_wconf 79' lang='grc' dir='ltr'><em>αὐτὰρ</em></span> <span class='ocrx_word' id='word_1_46' title='bbox 437 737 457 778; x_wconf 82' lang='grc' dir='ltr'>ὃ</span> <span class='ocrx_word' id='word_1_47' title='bbox 491 739 708 793; x_wconf 77' lang='grc' dir='ltr'><em>ἕκφυγέμεν</em></span> <span class='ocrx_word' id='word_1_48' title='bbox 741 741 897 792; x_wconf 83' lang='grc' dir='ltr'><em>μεμαὼς</em></span> <span class='ocrx_word' id='word_1_49' title='bbox 929 741 1095 794; x_wconf 73' lang='grc' dir='ltr'><em>ἤσπαιρε</em></span> <span class='ocrx_word' id='word_1_50' title='bbox 1126 743 1298 782; x_wconf 85' lang='grc' dir='ltr'><em>πόδεσσι.</em></span> 
     </span>
    </p>
   </div>
   <div class='ocr_carea' id='block_1_11' title="bbox 280 813 1262 871">
    <p class='ocr_par' dir='ltr' id='par_1_11' title="bbox 280 813 1262 871">
     <span class='ocr_line' id='line_1_11' title="bbox 280 813 1262 871; baseline 0.003 -18"><span class='ocrx_word' id='word_1_51' title='bbox 280 813 348 853; x_wconf 88' lang='grc' dir='ltr'>τὸν</span> <span class='ocrx_word' id='word_1_52' title='bbox 381 813 423 855; x_wconf 80' lang='grc' dir='ltr'>δὲ</span> <span class='ocrx_word' id='word_1_53' title='bbox 455 813 578 867; x_wconf 81' lang='grc' dir='ltr'><em>χιτῶν’</em></span> <span class='ocrx_word' id='word_1_54' title='bbox 614 815 758 868; x_wconf 80' lang='grc' dir='ltr'><em>ἐνόησα</em></span> <span class='ocrx_word' id='word_1_55' title='bbox 790 816 878 870; x_wconf 84' lang='grc' dir='ltr'><em>περὶ</em></span> <span class='ocrx_word' id='word_1_56' title='bbox 905 818 994 870; x_wconf 78' lang='grc' dir='ltr'><em>χροῒ</em></span> <span class='ocrx_word' id='word_1_57' title='bbox 1022 819 1262 871; x_wconf 80' lang='grc' dir='ltr'><em>σιγαλόεντα,</em></span> 
     </span>
    </p>
   </div>
   <div class='ocr_carea' id='block_1_12' title="bbox 282 885 1174 946">
    <p class='ocr_par' dir='ltr' id='par_1_12' title="bbox 282 885 1174 946">
     <span class='ocr_line' id='line_1_12' title="bbox 282 885 1174 946; baseline 0.006 -18"><span class='ocrx_word' id='word_1_58' title='bbox 282 885 366 929; x_wconf 81' lang='grc' dir='ltr'><em>οἷόν</em></span> <span class='ocrx_word' id='word_1_59' title='bbox 396 906 435 929; x_wconf 84' lang='grc' dir='ltr'>τε</span> <span class='ocrx_word' id='word_1_60' title='bbox 467 892 656 946; x_wconf 82' lang='grc' dir='ltr'><em>κρομύοιο</em></span> <span class='ocrx_word' id='word_1_61' title='bbox 688 892 812 932; x_wconf 85' lang='grc' dir='ltr'><em>λοπὸν</em></span> <span class='ocrx_word' id='word_1_62' title='bbox 844 893 941 932; x_wconf 83' lang='grc' dir='ltr'><em>κάτα</em></span> <span class='ocrx_word' id='word_1_63' title='bbox 972 892 1174 945; x_wconf 78' lang='grc' dir='ltr'><em>ἰσχαλέοιο·</em></span> 
     </span>
    </p>
   </div>
   <div class='ocr_carea' id='block_1_13' title="bbox 280 963 1396 1020">
    <p class='ocr_par' dir='ltr' id='par_1_13' title="bbox 280 963 1396 1020">
     <span class='ocr_line' id='line_1_13' title="bbox 280 963 1396 1020; baseline 0.005 -18"><span class='ocrx_word' id='word_1_64' title='bbox 280 970 353 1012; x_wconf 82' lang='grc' dir='ltr'>τῶς</span> <span class='ocrx_word' id='word_1_65' title='bbox 384 963 454 1015; x_wconf 80' lang='grc' dir='ltr'><em>μὲν</em></span> <span class='ocrx_word' id='word_1_66' title='bbox 487 965 555 1017; x_wconf 77' lang='grc' dir='ltr'><em>ἔην</em></span> <span class='ocrx_word' id='word_1_67' title='bbox 588 967 773 1017; x_wconf 81' lang='grc' dir='ltr'><em>μαλακὸς,</em></span> <span class='ocrx_word' id='word_1_68' title='bbox 804 968 980 1020; x_wconf 82' lang='grc' dir='ltr'><em>λαμπρὸς</em></span> <span class='ocrx_word' id='word_1_69' title='bbox 1014 965 1053 1007; x_wconf 85' lang='grc' dir='ltr'>δ’</span> <span class='ocrx_word' id='word_1_70' title='bbox 1090 963 1141 1020; x_wconf 74' lang='grc' dir='ltr'><em>ἦν</em></span> <span class='ocrx_word' id='word_1_71' title='bbox 1173 967 1301 1020; x_wconf 74' lang='grc' dir='ltr'><em>ἠέλιος</em></span> <span class='ocrx_word' id='word_1_72' title='bbox 1333 970 1396 1017; x_wconf 82' lang='grc' dir='ltr'>ὥς.</span> 
     </span>
    </p>
   </div>
   <div class='ocr_carea' id='block_1_14' title="bbox 286 1034 302 1052">
    <p class='ocr_par' dir='ltr' id='par_1_14' title="bbox 286 1034 302 1052">
     <span class='ocr_line' id='line_1_14' title="bbox 286 1034 302 1052; baseline 0 0"><span class='ocrx_word' id='word_1_73' title='bbox 286 1034 302 1052; x_wconf 62' lang='lat' dir='ltr'>&#39;a‘</span> 
     </span>
    </p>
   </div>
   <div class='ocr_carea' id='block_1_15' title="bbox 169 1037 1279 1096">
    <p class='ocr_par' dir='ltr' id='par_1_15' title="bbox 169 1037 1279 1096">
     <span class='ocr_line' id='line_1_15' title="bbox 169 1037 1279 1096; baseline 0.005 -19"><span class='ocrx_word' id='word_1_74' title='bbox 169 1046 230 1077; x_wconf 74' lang='lat'>235</span> <span class='ocrx_word' id='word_1_75' title='bbox 278 1055 303 1090; x_wconf 92' lang='grc' dir='ltr'><em>η</em></span> <span class='ocrx_word' id='word_1_76' title='bbox 335 1037 405 1090; x_wconf 79' lang='grc' dir='ltr'><em>μὲν</em></span> <span class='ocrx_word' id='word_1_77' title='bbox 437 1042 579 1080; x_wconf 87' lang='grc' dir='ltr'><em>πολλαί</em></span> <span class='ocrx_word' id='word_1_78' title='bbox 608 1039 637 1094; x_wconf 74' lang='grc' dir='ltr'>γ’</span> <span class='ocrx_word' id='word_1_79' title='bbox 675 1042 796 1082; x_wconf 85' lang='grc' dir='ltr'><em>αὐτὸν</em></span> <span class='ocrx_word' id='word_1_80' title='bbox 829 1042 1054 1094; x_wconf 78' lang='grc' dir='ltr'><em>ἐθηήσαντο</em></span> <span class='ocrx_word' id='word_1_81' title='bbox 1085 1048 1279 1096; x_wconf 79' lang='grc' dir='ltr'><em>γυναῖκες.</em></span> 
     </span>
    </p>
   </div>
   <div class='ocr_carea' id='block_1_16' title="bbox 280 1113 1406 1175">
    <p class='ocr_par' dir='ltr' id='par_1_16' title="bbox 280 1113 1406 1175">
     <span class='ocr_line' id='line_1_16' title="bbox 280 1113 1406 1175; baseline 0.005 -22"><span class='ocrx_word' id='word_1_82' title='bbox 280 1113 371 1154; x_wconf 73' lang='grc' dir='ltr'><em>ἄλλο</em></span> <span class='ocrx_word' id='word_1_83' title='bbox 405 1115 447 1154; x_wconf 84' lang='grc' dir='ltr'>δέ</span> <span class='ocrx_word' id='word_1_84' title='bbox 477 1132 536 1156; x_wconf 90' lang='grc' dir='ltr'>τοι</span> <span class='ocrx_word' id='word_1_85' title='bbox 567 1116 705 1169; x_wconf 53' lang='grc' dir='ltr'><em>Ἑερέω,</em></span> <span class='ocrx_word' id='word_1_86' title='bbox 736 1118 784 1157; x_wconf 86' lang='grc' dir='ltr'>σὺ</span> <span class='ocrx_word' id='word_1_87' title='bbox 818 1115 857 1157; x_wconf 75' lang='grc' dir='ltr'>δ’</span> <span class='ocrx_word' id='word_1_88' title='bbox 895 1117 953 1157; x_wconf 76' lang='grc' dir='ltr'><em>ἐνὶ</em></span> <span class='ocrx_word' id='word_1_89' title='bbox 984 1118 1098 1171; x_wconf 81' lang='grc' dir='ltr'><em>φρεσὶ</em></span> <span class='ocrx_word' id='word_1_90' title='bbox 1129 1119 1268 1171; x_wconf 80' lang='grc' dir='ltr'><em>βάλλεο</em></span> <span class='ocrx_word' id='word_1_91' title='bbox 1306 1126 1406 1175; x_wconf 74' lang='grc' dir='ltr'><em>σῇσι·</em></span> 
     </span>
    </p>
   </div>
   <div class='ocr_carea' id='block_1_17' title="bbox 1567 1134 1844 1165">
    <p class='ocr_par' dir='ltr' id='par_1_17' title="bbox 1567 1134 1844 1165">
     <span class='ocr_line' id='line_1_17' title="bbox 1567 1134 1844 1165; baseline 0.011 -3"><span class='ocrx_word' id='word_1_92' title='bbox 1567 1134 1628 1163; x_wconf 88' lang='grc'>236</span> <span class='ocrx_word' id='word_1_93' title='bbox 1654 1149 1697 1161; x_wconf 85' lang='lat'><strong><em>=</em></strong></span> <span class='ocrx_word' id='word_1_94' title='bbox 1721 1136 1755 1164; x_wconf 82' lang='lat' dir='ltr'><em>A</em></span> <span class='ocrx_word' id='word_1_95' title='bbox 1781 1135 1844 1165; x_wconf 80' lang='lat'>297</span> 
     </span>
    </p>
   </div>
   <div class='ocr_carea' id='block_1_18' title="bbox 281 1189 1476 1247">
    <p class='ocr_par' dir='ltr' id='par_1_18' title="bbox 281 1189 1476 1247">
     <span class='ocr_line' id='line_1_18' title="bbox 281 1189 1476 1247; baseline 0.005 -18"><span class='ocrx_word' id='word_1_96' title='bbox 281 1190 328 1230; x_wconf 81' lang='grc' dir='ltr'><em>οὐ</em></span> <span class='ocrx_word' id='word_1_97' title='bbox 354 1189 484 1243; x_wconf 54' lang='grc' dir='ltr'><em>οἶοῖδ’,</em></span> <span class='ocrx_word' id='word_1_98' title='bbox 508 1191 534 1244; x_wconf 76' lang='grc' dir='ltr'><strong>ἢ</strong></span> <span class='ocrx_word' id='word_1_99' title='bbox 561 1190 647 1232; x_wconf 81' lang='grc' dir='ltr'><em>τάδ’</em></span> <span class='ocrx_word' id='word_1_100' title='bbox 681 1192 815 1233; x_wconf 54' lang='lat' dir='ltr'>{Temo</span> <span class='ocrx_word' id='word_1_101' title='bbox 842 1193 930 1246; x_wconf 83' lang='grc' dir='ltr'><em>περὶ</em></span> <span class='ocrx_word' id='word_1_102' title='bbox 956 1195 1044 1247; x_wconf 77' lang='grc' dir='ltr'><em>χροῒ</em></span> <span class='ocrx_word' id='word_1_103' title='bbox 1064 1192 1223 1234; x_wconf 53' lang='grc' dir='ltr'><em>,Ροίκοΐῗ</em></span> <span class='ocrx_word' id='word_1_104' title='bbox 1249 1192 1476 1247; x_wconf 79' lang='grc' dir='ltr'><em>Ὀδυσσεὺς,</em></span> 
     </span>
    </p>
   </div>
   <div class='ocr_carea' id='block_1_19' title="bbox 279 1264 1215 1321">
    <p class='ocr_par' dir='ltr' id='par_1_19' title="bbox 279 1264 1215 1321">
     <span class='ocr_line' id='line_1_19' title="bbox 279 1264 1215 1321; baseline 0.006 -17"><span class='ocrx_word' id='word_1_105' title='bbox 279 1264 304 1317; x_wconf 75' lang='grc' dir='ltr'><em>ἢ</em></span> <span class='ocrx_word' id='word_1_106' title='bbox 335 1281 391 1313; x_wconf 83' lang='grc' dir='ltr'>τις</span> <span class='ocrx_word' id='word_1_107' title='bbox 422 1265 585 1320; x_wconf 76' lang='grc' dir='ltr'><em>ἑταίρων</em></span> <span class='ocrx_word' id='word_1_108' title='bbox 611 1265 729 1307; x_wconf 80' lang='grc' dir='ltr'><em>’δῶκε</em></span> <span class='ocrx_word' id='word_1_109' title='bbox 760 1273 862 1320; x_wconf 80' lang='grc' dir='ltr'><em>θοῆς</em></span> <span class='ocrx_word' id='word_1_110' title='bbox 895 1268 958 1309; x_wconf 80' lang='grc' dir='ltr'><em>ἐπὶ</em></span> <span class='ocrx_word' id='word_1_111' title='bbox 989 1270 1085 1321; x_wconf 84' lang='grc' dir='ltr'><em>νηὸς</em></span> <span class='ocrx_word' id='word_1_112' title='bbox 1116 1270 1215 1310; x_wconf 80' lang='grc' dir='ltr'><em>ἰόντι</em></span> 
     </span>
    </p>
   </div>
   <div class='ocr_carea' id='block_1_20' title="bbox 279 1340 1354 1396">
    <p class='ocr_par' dir='ltr' id='par_1_20' title="bbox 279 1340 1354 1396">
     <span class='ocr_line' id='line_1_20' title="bbox 279 1340 1354 1396; baseline 0.005 -16"><span class='ocrx_word' id='word_1_113' title='bbox 279 1340 304 1392; x_wconf 76' lang='grc' dir='ltr'>ἤ</span> <span class='ocrx_word' id='word_1_114' title='bbox 336 1342 392 1388; x_wconf 85' lang='grc' dir='ltr'>τίς</span> <span class='ocrx_word' id='word_1_115' title='bbox 423 1357 502 1382; x_wconf 89' lang='grc' dir='ltr'>που</span> <span class='ocrx_word' id='word_1_116' title='bbox 534 1343 600 1382; x_wconf 80' lang='grc' dir='ltr'><em>καὶ</em></span> <span class='ocrx_word' id='word_1_117' title='bbox 631 1345 769 1396; x_wconf 77' lang='grc' dir='ltr'><em>ξεῖνος,</em></span> <span class='ocrx_word' id='word_1_118' title='bbox 800 1344 883 1384; x_wconf 79' lang='grc' dir='ltr'><em>ἐπεὶ</em></span> <span class='ocrx_word' id='word_1_119' title='bbox 913 1349 1115 1385; x_wconf 82' lang='grc' dir='ltr'><em>πολλοῖσιν</em></span> <span class='ocrx_word' id='word_1_120' title='bbox 1142 1343 1354 1394; x_wconf 85' lang='grc' dir='ltr'><em>Ὀδυσσεὺς</em></span> 
     </span>
    </p>
   </div>
   <div class='ocr_carea' id='block_1_21' title="bbox 278 1411 1303 1473">
    <p class='ocr_par' dir='ltr' id='par_1_21' title="bbox 278 1411 1303 1473">
     <span class='ocr_line' id='line_1_21' title="bbox 278 1411 1303 1473; baseline 0.005 -17"><span class='ocrx_word' id='word_1_121' title='bbox 278 1411 372 1468; x_wconf 72' lang='grc' dir='ltr'><em>ἦσκε</em></span> <span class='ocrx_word' id='word_1_122' title='bbox 404 1419 528 1468; x_wconf 82' lang='grc' dir='ltr'><em>φίλος·</em></span> <span class='ocrx_word' id='word_1_123' title='bbox 561 1425 709 1472; x_wconf 86' lang='grc' dir='ltr'><em>παῦροι</em></span> <span class='ocrx_word' id='word_1_124' title='bbox 739 1419 812 1473; x_wconf 79' lang='grc' dir='ltr'><em>γὰρ</em></span> <span class='ocrx_word' id='word_1_125' title='bbox 840 1424 1001 1473; x_wconf 77' lang='grc' dir='ltr'><em>Ἀχαιῶν</em></span> <span class='ocrx_word' id='word_1_126' title='bbox 1030 1416 1133 1473; x_wconf 75' lang='grc' dir='ltr'><em>ἦσαν</em></span> <span class='ocrx_word' id='word_1_127' title='bbox 1164 1420 1303 1473; x_wconf 83' lang='grc' dir='ltr'><em>ὁμοῖοι.</em></span> 
     </span>
    </p>
   </div>
   <div class='ocr_carea' id='block_1_22' title="bbox 279 1492 1307 1548">
    <p class='ocr_par' dir='ltr' id='par_1_22' title="bbox 279 1492 1307 1548">
     <span class='ocr_line' id='line_1_22' title="bbox 279 1492 1307 1548; baseline 0.006 -18"><span class='ocrx_word' id='word_1_128' title='bbox 279 1492 348 1531; x_wconf 78' lang='grc' dir='ltr'><em>καί</em></span> <span class='ocrx_word' id='word_1_129' title='bbox 374 1495 443 1532; x_wconf 67' lang='lat' dir='ltr'>fot</span> <span class='ocrx_word' id='word_1_130' title='bbox 476 1493 549 1546; x_wconf 78' lang='grc' dir='ltr'>ἐγὼ</span> <span class='ocrx_word' id='word_1_131' title='bbox 582 1495 759 1546; x_wconf 80' lang='grc' dir='ltr'><em>χάλκειον</em></span> <span class='ocrx_word' id='word_1_132' title='bbox 792 1495 863 1548; x_wconf 72' lang='grc' dir='ltr'>ἄορ</span> <span class='ocrx_word' id='word_1_133' title='bbox 896 1496 963 1535; x_wconf 83' lang='grc' dir='ltr'><em>καὶ</em></span> <span class='ocrx_word' id='word_1_134' title='bbox 994 1494 1144 1536; x_wconf 79' lang='grc' dir='ltr'><em>δίπλακ’</em></span> <span class='ocrx_word' id='word_1_135' title='bbox 1181 1497 1307 1536; x_wconf 78' lang='grc' dir='ltr'><em>ἔδωκα</em></span> 
     </span>
    </p>
   </div>
   <div class='ocr_carea' id='block_1_23' title="bbox 279 1567 1206 1624">
    <p class='ocr_par' dir='ltr' id='par_1_23' title="bbox 279 1567 1206 1624">
     <span class='ocr_line' id='line_1_23' title="bbox 279 1567 1206 1624; baseline 0.006 -18"><span class='ocrx_word' id='word_1_136' title='bbox 279 1567 403 1619; x_wconf 82' lang='grc' dir='ltr'><em>καλὴν</em></span> <span class='ocrx_word' id='word_1_137' title='bbox 435 1569 669 1622; x_wconf 83' lang='grc' dir='ltr'><em>πορφυρέην</em></span> <span class='ocrx_word' id='word_1_138' title='bbox 700 1570 766 1610; x_wconf 80' lang='grc' dir='ltr'><em>καὶ</em></span> <span class='ocrx_word' id='word_1_139' title='bbox 797 1572 1021 1624; x_wconf 84' lang='grc' dir='ltr'><em>τερμιόεντα</em></span> <span class='ocrx_word' id='word_1_140' title='bbox 1050 1579 1206 1624; x_wconf 78' lang='grc' dir='ltr'><em>χιτῶνα,</em></span> 
     </span>
    </p>
   </div>
   <div class='ocr_carea' id='block_1_24' title="bbox 279 1642 1264 1700">
    <p class='ocr_par' dir='ltr' id='par_1_24' title="bbox 279 1642 1264 1700">
     <span class='ocr_line' id='line_1_24' title="bbox 279 1642 1264 1700; baseline 0.006 -18"><span class='ocrx_word' id='word_1_141' title='bbox 279 1644 439 1692; x_wconf 86' lang='grc' dir='ltr'><em>αἰδοίως</em></span> <span class='ocrx_word' id='word_1_142' title='bbox 472 1642 511 1683; x_wconf 79' lang='grc' dir='ltr'>δ’</span> <span class='ocrx_word' id='word_1_143' title='bbox 548 1644 780 1697; x_wconf 80' lang='grc' dir='ltr'><em>ἀπέπεμπον</em></span> <span class='ocrx_word' id='word_1_144' title='bbox 812 1645 1022 1699; x_wconf 84' lang='grc' dir='ltr'><em>ἐυσσέλμοι’</em></span> <span class='ocrx_word' id='word_1_145' title='bbox 1058 1647 1121 1687; x_wconf 81' lang='grc' dir='ltr'><em>ἐπὶ</em></span> <span class='ocrx_word' id='word_1_146' title='bbox 1158 1648 1264 1700; x_wconf 82' lang='grc' dir='ltr'><em>νηός.</em></span> 
     </span>
    </p>
   </div>
   <div class='ocr_carea' id='block_1_25' title="bbox 132 1745 325 1749">
    <p class='ocr_par' dir='ltr' id='par_1_25' title="bbox 132 1745 325 1749">
     <span class='ocr_line' id='line_1_25' title="bbox 132 1745 325 1749; baseline 0 0"><span class='ocrx_word' id='word_1_147' title='bbox 132 1745 325 1749; x_wconf 95' lang='lat' dir='ltr'> </span> 
     </span>
    </p>
   </div>
   <div class='ocr_carea' id='block_1_26' title="bbox 327 1747 432 1752">
    <p class='ocr_par' dir='ltr' id='par_1_26' title="bbox 327 1747 432 1752">
     <span class='ocr_line' id='line_1_26' title="bbox 327 1747 432 1752; baseline 0 0"><span class='ocrx_word' id='word_1_148' title='bbox 327 1747 432 1752; x_wconf 95' lang='lat' dir='ltr'> </span> 
     </span>
    </p>
   </div>
   <div class='ocr_carea' id='block_1_27' title="bbox 123 1797 974 3045">
    <p class='ocr_par' dir='ltr' id='par_1_27' title="bbox 130 1797 974 1893">
     <span class='ocr_line' id='line_1_27' title="bbox 130 1797 974 1844; baseline 0.007 -16"><span class='ocrx_word' id='word_1_149' title='bbox 130 1811 147 1840; x_wconf 87' lang='grc' dir='ltr'><em>ρ</em></span> <span class='ocrx_word' id='word_1_150' title='bbox 174 1797 274 1841; x_wconf 84' lang='lat'>343)?</span> <span class='ocrx_word' id='word_1_151' title='bbox 307 1801 374 1830; x_wconf 80' lang='lat' dir='ltr'>Aut</span> <span class='ocrx_word' id='word_1_152' title='bbox 408 1802 456 1831; x_wconf 83' lang='lat' dir='ltr'>Sic</span> <span class='ocrx_word' id='word_1_153' title='bbox 488 1802 727 1844; x_wconf 77' lang='grc' dir='ltr'><em>(ὁλοπόρφυρον)</em></span> <span class='ocrx_word' id='word_1_154' title='bbox 758 1806 816 1834; x_wconf 75' lang='lat' dir='ltr'>aut</span> <span class='ocrx_word' id='word_1_155' title='bbox 846 1803 974 1834; x_wconf 75' lang='lat' dir='ltr'>densam</span> 
     </span>
     <span class='ocr_line' id='line_1_28' title="bbox 131 1852 731 1893; baseline 0.008 -13"><span class='ocrx_word' id='word_1_156' title='bbox 131 1852 274 1890; x_wconf 75' lang='grc' dir='ltr'><em>(ἁπαλήν)</em></span> <span class='ocrx_word' id='word_1_157' title='bbox 300 1854 568 1893; x_wconf 70' lang='lat' dir='ltr'>interpretantur</span> <span class='ocrx_word' id='word_1_158' title='bbox 593 1856 731 1886; x_wconf 79' lang='lat' dir='ltr'>scholia.</span> 
     </span>
    </p>

    <p class='ocr_par' dir='ltr' id='par_1_28' title="bbox 128 1904 974 2211">
     <span class='ocr_line' id='line_1_29' title="bbox 174 1904 973 1950; baseline 0.006 -16"><span class='ocrx_word' id='word_1_159' title='bbox 174 1904 254 1943; x_wconf 85' lang='grc'>226]</span> <span class='ocrx_word' id='word_1_160' title='bbox 290 1908 387 1947; x_wconf 82' lang='grc' dir='ltr'><em>αὐτάρ</em></span> <span class='ocrx_word' id='word_1_161' title='bbox 430 1917 476 1937; x_wconf 80' lang='grc' dir='ltr'>τοι</span> <span class='ocrx_word' id='word_1_162' title='bbox 520 1909 632 1949; x_wconf 78' lang='grc' dir='ltr'><em>περόνη</em></span> <span class='ocrx_word' id='word_1_163' title='bbox 676 1914 806 1950; x_wconf 85' lang='grc' dir='ltr'><em>χρυσοῖο</em></span> <span class='ocrx_word' id='word_1_164' title='bbox 850 1910 973 1939; x_wconf 76' lang='grc' dir='ltr'><em>τέτυκτο</em></span> 
     </span>
     <span class='ocr_line' id='line_1_30' title="bbox 128 1959 973 2003; baseline 0.006 -17"><span class='ocrx_word' id='word_1_165' title='bbox 128 1963 254 1996; x_wconf 80' lang='grc' dir='ltr'><em>φαεινοῦ</em></span> <span class='ocrx_word' id='word_1_166' title='bbox 278 1959 306 1988; x_wconf 87' lang='lat' dir='ltr'>X</span> <span class='ocrx_word' id='word_1_167' title='bbox 319 1959 348 1988; x_wconf 93' lang='lat' dir='ltr'>D</span> <span class='ocrx_word' id='word_1_168' title='bbox 367 1960 500 1996; x_wconf 84' lang='lat' dir='ltr'>(vitiosa</span> <span class='ocrx_word' id='word_1_169' title='bbox 521 1970 676 1998; x_wconf 82' lang='lat' dir='ltr'>caesura;</span> <span class='ocrx_word' id='word_1_170' title='bbox 696 1962 879 1999; x_wconf 86' lang='lat' dir='ltr'>legendum</span> <span class='ocrx_word' id='word_1_171' title='bbox 895 1974 973 2003; x_wconf 85' lang='grc' dir='ltr'><em>χρυ-</em></span> 
     </span>
     <span class='ocr_line' id='line_1_31' title="bbox 130 2010 974 2053; baseline 0.006 -14"><span class='ocrx_word' id='word_1_172' title='bbox 130 2011 191 2039; x_wconf 76' lang='grc' dir='ltr'>σοῖ’</span> <span class='ocrx_word' id='word_1_173' title='bbox 220 2011 380 2048; x_wconf 78' lang='grc' dir='ltr'><em>ἐτέτυκτο).</em></span> <span class='ocrx_word' id='word_1_174' title='bbox 414 2010 426 2052; x_wconf 83' lang='grc' dir='ltr'>Η</span> <span class='ocrx_word' id='word_1_175' title='bbox 458 2011 627 2052; x_wconf 64' lang='lat' dir='ltr'>*dh-[Zona]</span> <span class='ocrx_word' id='word_1_176' title='bbox 652 2014 760 2052; x_wconf 78' lang='grc' dir='ltr'><em>διπλῆν</em></span> <span class='ocrx_word' id='word_1_177' title='bbox 788 2015 841 2044; x_wconf 87' lang='lat' dir='ltr'>vel</span> <span class='ocrx_word' id='word_1_178' title='bbox 867 2015 974 2053; x_wconf 77' lang='grc' dir='ltr'><em>διπλὴν</em></span> 
     </span>
     <span class='ocr_line' id='line_1_32' title="bbox 130 2062 972 2107; baseline 0.006 -16"><span class='ocrx_word' id='word_1_179' title='bbox 130 2062 225 2091; x_wconf 80' lang='lat' dir='ltr'>codd.</span> <span class='ocrx_word' id='word_1_180' title='bbox 251 2063 374 2104; x_wconf 73' lang='grc' dir='ltr'><em>(διπλὴν</em></span> <span class='ocrx_word' id='word_1_181' title='bbox 398 2066 539 2103; x_wconf 73' lang='grc' dir='ltr'><em>ἐκταδίην</em></span> <span class='ocrx_word' id='word_1_182' title='bbox 571 2067 638 2096; x_wconf 85' lang='lat' dir='ltr'>GP</span> <span class='ocrx_word' id='word_1_183' title='bbox 663 2075 704 2095; x_wconf 81' lang='grc' dir='ltr'>ΘΧ</span> <span class='ocrx_word' id='word_1_184' title='bbox 731 2069 761 2095; x_wconf 82' lang='grc' dir='ltr'><em>Κ</em></span> <span class='ocrx_word' id='word_1_185' title='bbox 786 2064 880 2107; x_wconf 79' lang='grc'>134);</span> <span class='ocrx_word' id='word_1_186' title='bbox 906 2067 972 2097; x_wconf 79' lang='lat' dir='ltr'>Vid.</span> 
     </span>
     <span class='ocr_line' id='line_1_33' title="bbox 128 2115 967 2160; baseline 0.007 -17"><span class='ocrx_word' id='word_1_187' title='bbox 128 2123 176 2143; x_wconf 86' lang='lat' dir='ltr'>vs.</span> <span class='ocrx_word' id='word_1_188' title='bbox 202 2116 263 2144; x_wconf 80' lang='lat'>241</span> <span class='ocrx_word' id='word_1_189' title='bbox 291 2117 324 2145; x_wconf 86' lang='lat' dir='ltr'>et</span> <span class='ocrx_word' id='word_1_190' title='bbox 349 2117 391 2146; x_wconf 79' lang='lat' dir='ltr'>cf.</span> <span class='ocrx_word' id='word_1_191' title='bbox 416 2124 454 2145; x_wconf 88' lang='lat' dir='ltr'>n0</span> <span class='ocrx_word' id='word_1_192' title='bbox 480 2118 531 2147; x_wconf 90' lang='lat'>58.</span> <span class='ocrx_word' id='word_1_193' title='bbox 563 2115 575 2157; x_wconf 86' lang='grc' dir='ltr'>Η</span> <span class='ocrx_word' id='word_1_194' title='bbox 607 2122 634 2148; x_wconf 80' lang='grc' dir='ltr'><em>οἱ</em></span> <span class='ocrx_word' id='word_1_195' title='bbox 658 2115 738 2160; x_wconf 85' lang='lat' dir='ltr'>FU]</span> <span class='ocrx_word' id='word_1_196' title='bbox 761 2129 807 2148; x_wconf 81' lang='grc' dir='ltr'>τοι</span> <span class='ocrx_word' id='word_1_197' title='bbox 824 2120 934 2149; x_wconf 84' lang='lat' dir='ltr'>multi.</span> <span class='ocrx_word' id='word_1_198' title='bbox 954 2117 967 2160; x_wconf 83' lang='grc' dir='ltr'><strong>Η</strong></span> 
     </span>
     <span class='ocr_line' id='line_1_34' title="bbox 128 2168 797 2211; baseline 0.006 -15"><span class='ocrx_word' id='word_1_199' title='bbox 128 2168 251 2208; x_wconf 68' lang='grc' dir='ltr'><em>χρυσοΐ</em></span> <span class='ocrx_word' id='word_1_200' title='bbox 281 2169 436 2207; x_wconf 78' lang='grc' dir='ltr'><em>ἐτέτυκτο]</em></span> <span class='ocrx_word' id='word_1_201' title='bbox 461 2176 591 2211; x_wconf 82' lang='grc' dir='ltr'><em>χρυσοῖο</em></span> <span class='ocrx_word' id='word_1_202' title='bbox 616 2171 673 2200; x_wconf 82' lang='grc' dir='ltr'><em>τέτ.</em></span> <span class='ocrx_word' id='word_1_203' title='bbox 699 2171 797 2200; x_wconf 85' lang='lat' dir='ltr'>codd.</span> 
     </span>
    </p>

    <p class='ocr_par' dir='ltr' id='par_1_29' title="bbox 127 2218 972 2418">
     <span class='ocr_line' id='line_1_35' title="bbox 172 2218 970 2262; baseline 0.006 -13"><span class='ocrx_word' id='word_1_204' title='bbox 172 2218 235 2250; x_wconf 80' lang='lat'>227</span> <span class='ocrx_word' id='word_1_205' title='bbox 261 2222 397 2250; x_wconf 80' lang='grc' dir='ltr'><em>αὐλοῖσιν</em></span> <span class='ocrx_word' id='word_1_206' title='bbox 421 2222 590 2261; x_wconf 80' lang='grc' dir='ltr'><em>διδύμοισι]</em></span> <span class='ocrx_word' id='word_1_207' title='bbox 616 2223 720 2252; x_wconf 83' lang='lat' dir='ltr'>fibula</span> <span class='ocrx_word' id='word_1_208' title='bbox 747 2225 799 2253; x_wconf 84' lang='lat' dir='ltr'>est</span> <span class='ocrx_word' id='word_1_209' title='bbox 826 2224 970 2262; x_wconf 82' lang='lat' dir='ltr'>duplex3</span> 
     </span>
     <span class='ocr_line' id='line_1_36' title="bbox 128 2271 970 2314; baseline 0.007 -14"><span class='ocrx_word' id='word_1_210' title='bbox 128 2271 232 2302; x_wconf 81' lang='lat' dir='ltr'>habet</span> <span class='ocrx_word' id='word_1_211' title='bbox 266 2274 356 2303; x_wconf 91' lang='lat' dir='ltr'>enim</span> <span class='ocrx_word' id='word_1_212' title='bbox 387 2274 472 2303; x_wconf 87' lang='lat' dir='ltr'>duas</span> <span class='ocrx_word' id='word_1_213' title='bbox 501 2276 643 2314; x_wconf 81' lang='lat' dir='ltr'>fistulas,</span> <span class='ocrx_word' id='word_1_214' title='bbox 668 2276 793 2313; x_wconf 88' lang='lat' dir='ltr'>quibus</span> <span class='ocrx_word' id='word_1_215' title='bbox 816 2276 970 2306; x_wconf 88' lang='lat' dir='ltr'>inserun-</span> 
     </span>
     <span class='ocr_line' id='line_1_37' title="bbox 127 2324 972 2365; baseline 0.006 -12"><span class='ocrx_word' id='word_1_216' title='bbox 127 2326 182 2353; x_wconf 81' lang='lat' dir='ltr'>tur</span> <span class='ocrx_word' id='word_1_217' title='bbox 219 2324 285 2354; x_wconf 84' lang='lat' dir='ltr'>duo</span> <span class='ocrx_word' id='word_1_218' title='bbox 320 2335 411 2355; x_wconf 81' lang='lat' dir='ltr'>aeus.</span> <span class='ocrx_word' id='word_1_219' title='bbox 447 2327 592 2365; x_wconf 82' lang='lat' dir='ltr'>Egregie</span> <span class='ocrx_word' id='word_1_220' title='bbox 635 2328 747 2358; x_wconf 81' lang='lat' dir='ltr'>locum</span> <span class='ocrx_word' id='word_1_221' title='bbox 788 2329 972 2359; x_wconf 82' lang='lat' dir='ltr'>illustravit</span> 
     </span>
     <span class='ocr_line' id='line_1_38' title="bbox 127 2377 660 2418; baseline 0.008 -13"><span class='ocrx_word' id='word_1_222' title='bbox 127 2377 252 2414; x_wconf 87' lang='lat' dir='ltr'>Helbig</span> <span class='ocrx_word' id='word_1_223' title='bbox 276 2378 373 2407; x_wconf 88' lang='lat' dir='ltr'>Hom.</span> <span class='ocrx_word' id='word_1_224' title='bbox 398 2377 503 2417; x_wconf 86' lang='lat' dir='ltr'>Epos¹</span> <span class='ocrx_word' id='word_1_225' title='bbox 527 2389 559 2418; x_wconf 91' lang='lat' dir='ltr'>p.</span> <span class='ocrx_word' id='word_1_226' title='bbox 587 2382 660 2409; x_wconf 87' lang='grc'>189.</span> 
     </span>
    </p>

    <p class='ocr_par' dir='ltr' id='par_1_30' title="bbox 125 2428 969 2577">
     <span class='ocr_line' id='line_1_39' title="bbox 170 2428 969 2475; baseline 0.006 -17"><span class='ocrx_word' id='word_1_227' title='bbox 170 2428 235 2458; x_wconf 89' lang='grc'>228</span> <span class='ocrx_word' id='word_1_228' title='bbox 259 2430 358 2468; x_wconf 74' lang='grc' dir='ltr'><em>ἑλλὸν]</em></span> <span class='ocrx_word' id='word_1_229' title='bbox 383 2430 576 2467; x_wconf 72' lang='lat' dir='ltr'>hinmdeum,</span> <span class='ocrx_word' id='word_1_230' title='bbox 602 2433 659 2470; x_wconf 89' lang='lat' dir='ltr'>qui</span> <span class='ocrx_word' id='word_1_231' title='bbox 684 2433 767 2462; x_wconf 80' lang='lat' dir='ltr'>alias</span> <span class='ocrx_word' id='word_1_232' title='bbox 791 2434 896 2475; x_wconf 69' lang='grc' dir='ltr'><em>νεβρός</em></span> <span class='ocrx_word' id='word_1_233' title='bbox 920 2434 969 2463; x_wconf 91' lang='lat' dir='ltr'>di-</span> 
     </span>
     <span class='ocr_line' id='line_1_40' title="bbox 125 2479 967 2525; baseline 0.008 -16"><span class='ocrx_word' id='word_1_234' title='bbox 125 2480 214 2510; x_wconf 84' lang='lat' dir='ltr'>citur</span> <span class='ocrx_word' id='word_1_235' title='bbox 238 2479 300 2522; x_wconf 85' lang='lat' dir='ltr'>(vs.</span> <span class='ocrx_word' id='word_1_236' title='bbox 328 2483 391 2512; x_wconf 88' lang='lat'>230</span> <span class='ocrx_word' id='word_1_237' title='bbox 416 2482 512 2525; x_wconf 85' lang='lat' dir='ltr'>etc.);</span> <span class='ocrx_word' id='word_1_238' title='bbox 534 2494 599 2514; x_wconf 90' lang='lat' dir='ltr'>non</span> <span class='ocrx_word' id='word_1_239' title='bbox 618 2485 707 2514; x_wconf 87' lang='lat' dir='ltr'>redit</span> <span class='ocrx_word' id='word_1_240' title='bbox 726 2494 798 2515; x_wconf 84' lang='lat' dir='ltr'>voc.</span> <span class='ocrx_word' id='word_1_241' title='bbox 820 2487 853 2515; x_wconf 87' lang='lat' dir='ltr'>in</span> <span class='ocrx_word' id='word_1_242' title='bbox 870 2487 967 2516; x_wconf 92' lang='lat' dir='ltr'>Hom.</span> 
     </span>
     <span class='ocr_line' id='line_1_41' title="bbox 126 2530 511 2577; baseline 0.013 -17"><span class='ocrx_word' id='word_1_243' title='bbox 126 2530 201 2571; x_wconf 86' lang='lat' dir='ltr'>(sed</span> <span class='ocrx_word' id='word_1_244' title='bbox 225 2534 291 2564; x_wconf 81' lang='lat' dir='ltr'>vid.</span> <span class='ocrx_word' id='word_1_245' title='bbox 317 2535 359 2564; x_wconf 85' lang='lat' dir='ltr'>ad</span> <span class='ocrx_word' id='word_1_246' title='bbox 385 2538 420 2565; x_wconf 81' lang='grc' dir='ltr'><strong><em>Φ</em></strong></span> <span class='ocrx_word' id='word_1_247' title='bbox 445 2534 511 2577; x_wconf 88' lang='grc'>22).</span> 
     </span>
    </p>

    <p class='ocr_par' dir='ltr' id='par_1_31' title="bbox 123 2584 967 3045">
     <span class='ocr_line' id='line_1_42' title="bbox 169 2584 967 2630; baseline 0.008 -16"><span class='ocrx_word' id='word_1_248' title='bbox 169 2584 234 2615; x_wconf 86' lang='grc'>229</span> <span class='ocrx_word' id='word_1_249' title='bbox 259 2595 308 2624; x_wconf 86' lang='lat' dir='ltr'>sq.</span> <span class='ocrx_word' id='word_1_250' title='bbox 332 2586 553 2630; x_wconf 79' lang='grc' dir='ltr'><em>λάων...’λάε]</em></span> <span class='ocrx_word' id='word_1_251' title='bbox 579 2590 720 2620; x_wconf 84' lang='lat' dir='ltr'>verbum</span> <span class='ocrx_word' id='word_1_252' title='bbox 740 2591 877 2628; x_wconf 84' lang='lat' dir='ltr'>ignotae</span> <span class='ocrx_word' id='word_1_253' title='bbox 903 2591 967 2620; x_wconf 88' lang='lat' dir='ltr'>ori-</span> 
     </span>
     <span class='ocr_line' id='line_1_43' title="bbox 125 2637 966 2680; baseline 0.01 -15"><span class='ocrx_word' id='word_1_254' title='bbox 125 2637 213 2674; x_wconf 84' lang='lat' dir='ltr'>ginis</span> <span class='ocrx_word' id='word_1_255' title='bbox 248 2641 281 2668; x_wconf 86' lang='lat' dir='ltr'>et</span> <span class='ocrx_word' id='word_1_256' title='bbox 315 2642 505 2680; x_wconf 75' lang='lat' dir='ltr'>potestatis,</span> <span class='ocrx_word' id='word_1_257' title='bbox 535 2643 669 2671; x_wconf 82' lang='lat' dir='ltr'>nonnisi</span> <span class='ocrx_word' id='word_1_258' title='bbox 705 2643 738 2672; x_wconf 86' lang='lat' dir='ltr'>h.</span> <span class='ocrx_word' id='word_1_259' title='bbox 764 2643 784 2672; x_wconf 89' lang='grc'>1.</span> <span class='ocrx_word' id='word_1_260' title='bbox 811 2643 966 2678; x_wconf 81' lang='lat' dir='ltr'>obvium3</span> 
     </span>
     <span class='ocr_line' id='line_1_44' title="bbox 124 2691 966 2725; baseline 0.01 -8"><span class='ocrx_word' id='word_1_261' title='bbox 124 2691 230 2719; x_wconf 73' lang='lat' dir='ltr'>lenens</span> <span class='ocrx_word' id='word_1_262' title='bbox 293 2691 435 2721; x_wconf 80' lang='lat' dir='ltr'>tenebat?</span> <span class='ocrx_word' id='word_1_263' title='bbox 466 2703 507 2722; x_wconf 86' lang='lat' dir='ltr'>an</span> <span class='ocrx_word' id='word_1_264' title='bbox 533 2696 681 2724; x_wconf 74' lang='lat' dir='ltr'>contuens</span> <span class='ocrx_word' id='word_1_265' title='bbox 743 2694 966 2725; x_wconf 74' lang='lat' dir='ltr'>contuebatur?</span> 
     </span>
     <span class='ocr_line' id='line_1_45' title="bbox 125 2742 966 2777; baseline 0.008 -7"><span class='ocrx_word' id='word_1_266' title='bbox 125 2742 172 2771; x_wconf 84' lang='lat' dir='ltr'>sic</span> <span class='ocrx_word' id='word_1_267' title='bbox 209 2743 325 2772; x_wconf 76' lang='lat' dir='ltr'>Crates</span> <span class='ocrx_word' id='word_1_268' title='bbox 360 2754 435 2774; x_wconf 82' lang='lat' dir='ltr'>cum</span> <span class='ocrx_word' id='word_1_269' title='bbox 471 2746 504 2775; x_wconf 87' lang='lat' dir='ltr'>h.</span> <span class='ocrx_word' id='word_1_270' title='bbox 539 2747 641 2775; x_wconf 81' lang='lat' dir='ltr'>Mero.</span> <span class='ocrx_word' id='word_1_271' title='bbox 678 2748 752 2776; x_wconf 83' lang='lat'>360.</span> <span class='ocrx_word' id='word_1_272' title='bbox 788 2749 816 2776; x_wconf 94' lang='lat' dir='ltr'>A</span> <span class='ocrx_word' id='word_1_273' title='bbox 852 2750 966 2777; x_wconf 85' lang='lat' dir='ltr'>nostro</span> 
     </span>
     <span class='ocr_line' id='line_1_46' title="bbox 124 2796 965 2830; baseline 0.008 -7"><span class='ocrx_word' id='word_1_274' title='bbox 124 2796 237 2824; x_wconf 86' lang='lat' dir='ltr'>tamen</span> <span class='ocrx_word' id='word_1_275' title='bbox 266 2797 340 2825; x_wconf 88' lang='lat' dir='ltr'>loco</span> <span class='ocrx_word' id='word_1_276' title='bbox 363 2797 511 2827; x_wconf 71' lang='lat' dir='ltr'>cernendi</span> <span class='ocrx_word' id='word_1_277' title='bbox 535 2800 676 2829; x_wconf 87' lang='lat' dir='ltr'>verbum</span> <span class='ocrx_word' id='word_1_278' title='bbox 700 2801 848 2830; x_wconf 86' lang='lat' dir='ltr'>alienum</span> <span class='ocrx_word' id='word_1_279' title='bbox 873 2801 965 2830; x_wconf 87' lang='lat' dir='ltr'>vide-</span> 
     </span>
     <span class='ocr_line' id='line_1_47' title="bbox 124 2848 966 2889; baseline 0.007 -13"><span class='ocrx_word' id='word_1_280' title='bbox 124 2848 188 2877; x_wconf 81' lang='lat' dir='ltr'>tur.</span> <span class='ocrx_word' id='word_1_281' title='bbox 223 2848 439 2879; x_wconf 74' lang='lat' dir='ltr'>Aristarchus</span> <span class='ocrx_word' id='word_1_282' title='bbox 476 2851 764 2889; x_wconf 77' lang='lat' dir='ltr'>interpretabatur</span> <span class='ocrx_word' id='word_1_283' title='bbox 794 2854 966 2888; x_wconf 72' lang='grc' dir='ltr'><em>ἀπολαύων,</em></span> 
     </span>
     <span class='ocr_line' id='line_1_48' title="bbox 124 2900 967 2943; baseline 0.007 -15"><span class='ocrx_word' id='word_1_284' title='bbox 124 2900 181 2928; x_wconf 83' lang='lat' dir='ltr'>alii</span> <span class='ocrx_word' id='word_1_285' title='bbox 215 2900 340 2930; x_wconf 76' lang='lat' dir='ltr'>latrans</span> <span class='ocrx_word' id='word_1_286' title='bbox 363 2900 440 2943; x_wconf 92' lang='lat' dir='ltr'>(pro</span> <span class='ocrx_word' id='word_1_287' title='bbox 467 2904 587 2941; x_wconf 59' lang='lat' dir='ltr'>uadem).</span> <span class='ocrx_word' id='word_1_288' title='bbox 611 2905 743 2942; x_wconf 81' lang='lat' dir='ltr'>Ecquid</span> <span class='ocrx_word' id='word_1_289' title='bbox 777 2915 817 2934; x_wconf 76' lang='lat' dir='ltr'>ex</span> <span class='ocrx_word' id='word_1_290' title='bbox 837 2905 967 2943; x_wconf 79' lang='lat' dir='ltr'>duplici</span> 
     </span>
     <span class='ocr_line' id='line_1_49' title="bbox 123 2947 967 2997; baseline 0.008 -18"><span class='ocrx_word' id='word_1_291' title='bbox 123 2952 265 2982; x_wconf 81' lang='lat' dir='ltr'>lectione</span> <span class='ocrx_word' id='word_1_292' title='bbox 288 2947 440 2984; x_wconf 56' lang='lat' dir='ltr'>fridus...</span> <span class='ocrx_word' id='word_1_293' title='bbox 454 2952 530 2985; x_wconf 71' lang='grc' dir='ltr'><em>,Ρέλε</em></span> <span class='ocrx_word' id='word_1_294' title='bbox 562 2958 596 2985; x_wconf 89' lang='lat' dir='ltr'>et</span> <span class='ocrx_word' id='word_1_295' title='bbox 618 2959 770 2991; x_wconf 60' lang='lat' dir='ltr'>mmm...</span> <span class='ocrx_word' id='word_1_296' title='bbox 790 2960 863 2997; x_wconf 57' lang='grc' dir='ltr'><em>λάβε</em></span> <span class='ocrx_word' id='word_1_297' title='bbox 888 2959 967 2986; x_wconf 86' lang='lat' dir='ltr'>nata</span> 
     </span>
     <span class='ocr_line' id='line_1_50' title="bbox 125 3005 967 3045; baseline 0.01 -14"><span class='ocrx_word' id='word_1_298' title='bbox 125 3005 176 3032; x_wconf 81' lang='lat' dir='ltr'>est</span> <span class='ocrx_word' id='word_1_299' title='bbox 209 3006 366 3043; x_wconf 84' lang='lat' dir='ltr'>vulgata?</span> <span class='ocrx_word' id='word_1_300' title='bbox 410 3008 619 3045; x_wconf 81' lang='lat' dir='ltr'>Porphyrius</span> <span class='ocrx_word' id='word_1_301' title='bbox 663 3017 711 3038; x_wconf 81' lang='lat' dir='ltr'>vs.</span> <span class='ocrx_word' id='word_1_302' title='bbox 749 3010 811 3038; x_wconf 88' lang='lat'>229</span> <span class='ocrx_word' id='word_1_303' title='bbox 848 3019 967 3039; x_wconf 88' lang='lat' dir='ltr'>revera</span> 
     </span>
    </p>
   </div>
   <div class='ocr_carea' id='block_1_28' title="bbox 124 3055 965 3137">
    <p class='ocr_par' dir='ltr' id='par_1_32' title="bbox 124 3055 965 3137">
     <span class='ocr_line' id='line_1_51' title="bbox 124 3055 965 3099; baseline 0.008 -16"><span class='ocrx_word' id='word_1_304' title='bbox 124 3055 259 3092; x_wconf 86' lang='lat' dir='ltr'>legebat</span> <span class='ocrx_word' id='word_1_305' title='bbox 304 3060 412 3099; x_wconf 69' lang='grc' dir='ltr'><em>λαβὼν.</em></span> <span class='ocrx_word' id='word_1_306' title='bbox 461 3059 572 3091; x_wconf 86' lang='lat' dir='ltr'>Naber</span> <span class='ocrx_word' id='word_1_307' title='bbox 619 3061 762 3091; x_wconf 79' lang='lat' dir='ltr'>coniecit</span> <span class='ocrx_word' id='word_1_308' title='bbox 809 3062 965 3090; x_wconf 76' lang='grc' dir='ltr'><em>δακὼν...</em></span> 
     </span>
     <span class='ocr_line' id='line_1_52' title="bbox 125 3107 204 3137; baseline 0.013 -1"><span class='ocrx_word' id='word_1_309' title='bbox 125 3107 204 3137; x_wconf 67' lang='grc' dir='ltr'><em>δάκε.</em></span> 
     </span>
    </p>
   </div>
   <div class='ocr_carea' id='block_1_29' title="bbox 1003 1988 1008 2532">
    <p class='ocr_par' dir='ltr' id='par_1_33' title="bbox 1003 1988 1008 2532">
     <span class='ocr_line' id='line_1_53' title="bbox 1003 1988 1008 2532; baseline 0 0"><span class='ocrx_word' id='word_1_310' title='bbox 1003 1988 1008 2532; x_wconf 95' lang='lat' dir='ltr'> </span> 
     </span>
    </p>
   </div>
   <div class='ocr_carea' id='block_1_30' title="bbox 1001 1988 1009 2709">
    <p class='ocr_par' dir='ltr' id='par_1_34' title="bbox 1001 1988 1009 2709">
     <span class='ocr_line' id='line_1_54' title="bbox 1001 1988 1009 2709; baseline 0 0"><span class='ocrx_word' id='word_1_311' title='bbox 1001 1988 1009 2709; x_wconf 95' lang='lat' dir='ltr'> </span> 
     </span>
    </p>
   </div>
   <div class='ocr_carea' id='block_1_31' title="bbox 1034 1803 1887 3159">
    <p class='ocr_par' dir='ltr' id='par_1_35' title="bbox 1042 1803 1887 2054">
     <span class='ocr_line' id='line_1_55' title="bbox 1086 1803 1887 1847; baseline 0.004 -14"><span class='ocrx_word' id='word_1_312' title='bbox 1086 1803 1152 1834; x_wconf 87' lang='grc'>230</span> <span class='ocrx_word' id='word_1_313' title='bbox 1175 1810 1313 1845; x_wconf 78' lang='grc' dir='ltr'><em>χρυσεῖοι</em></span> <span class='ocrx_word' id='word_1_314' title='bbox 1349 1807 1446 1840; x_wconf 77' lang='grc' dir='ltr'><em>ἐόντες</em></span> <span class='ocrx_word' id='word_1_315' title='bbox 1475 1805 1573 1844; x_wconf 83' lang='lat' dir='ltr'>Fiek]</span> <span class='ocrx_word' id='word_1_316' title='bbox 1598 1807 1625 1835; x_wconf 79' lang='grc' dir='ltr'><em>οἳ</em></span> <span class='ocrx_word' id='word_1_317' title='bbox 1654 1808 1781 1847; x_wconf 83' lang='grc' dir='ltr'><em>χρύσεοι</em></span> <span class='ocrx_word' id='word_1_318' title='bbox 1805 1806 1887 1841; x_wconf 75' lang='grc' dir='ltr'><em>ὄντες</em></span> 
     </span>
     <span class='ocr_line' id='line_1_56' title="bbox 1042 1857 1886 1897; baseline 0.004 -11"><span class='ocrx_word' id='word_1_319' title='bbox 1042 1857 1138 1887; x_wconf 86' lang='lat' dir='ltr'>codd.</span> <span class='ocrx_word' id='word_1_320' title='bbox 1174 1857 1306 1894; x_wconf 83' lang='lat' dir='ltr'>vitiose,</span> <span class='ocrx_word' id='word_1_321' title='bbox 1337 1858 1379 1887; x_wconf 84' lang='lat' dir='ltr'>cf.</span> <span class='ocrx_word' id='word_1_322' title='bbox 1411 1865 1448 1896; x_wconf 57' lang='grc' dir='ltr'>[ιο</span> <span class='ocrx_word' id='word_1_323' title='bbox 1481 1859 1561 1894; x_wconf 87' lang='grc'><strong>302;</strong></span> <span class='ocrx_word' id='word_1_324' title='bbox 1596 1860 1693 1893; x_wconf 76' lang='grc' dir='ltr'><em>ἐόντες</em></span> <span class='ocrx_word' id='word_1_325' title='bbox 1716 1868 1777 1897; x_wconf 92' lang='lat' dir='ltr'>pro</span> <span class='ocrx_word' id='word_1_326' title='bbox 1803 1859 1886 1893; x_wconf 73' lang='grc' dir='ltr'><em>ὄντες</em></span> 
     </span>
     <span class='ocr_line' id='line_1_57' title="bbox 1042 1910 1885 1949; baseline 0.002 -10"><span class='ocrx_word' id='word_1_327' title='bbox 1042 1911 1260 1939; x_wconf 78' lang='lat' dir='ltr'>correxerunt</span> <span class='ocrx_word' id='word_1_328' title='bbox 1291 1910 1408 1947; x_wconf 83' lang='lat' dir='ltr'>Heyne</span> <span class='ocrx_word' id='word_1_329' title='bbox 1441 1911 1509 1940; x_wconf 89' lang='lat' dir='ltr'>alii.</span> <span class='ocrx_word' id='word_1_330' title='bbox 1542 1911 1683 1941; x_wconf 86' lang='lat' dir='ltr'>Menrad</span> <span class='ocrx_word' id='word_1_331' title='bbox 1707 1912 1885 1949; x_wconf 83' lang='lat' dir='ltr'>proposuit</span> 
     </span>
     <span class='ocr_line' id='line_1_58' title="bbox 1042 1961 1883 2004; baseline 0.004 -13"><span class='ocrx_word' id='word_1_332' title='bbox 1042 1964 1067 1991; x_wconf 72' lang='grc' dir='ltr'><em>οἳ</em></span> <span class='ocrx_word' id='word_1_333' title='bbox 1088 1967 1209 2004; x_wconf 85' lang='grc' dir='ltr'><em>χρυσοῦ</em></span> <span class='ocrx_word' id='word_1_334' title='bbox 1230 1965 1327 1997; x_wconf 71' lang='grc' dir='ltr'><em>ἐόντες</em></span> <span class='ocrx_word' id='word_1_335' title='bbox 1347 1963 1423 1992; x_wconf 89' lang='lat' dir='ltr'>coll.</span> <span class='ocrx_word' id='word_1_336' title='bbox 1444 1966 1472 1992; x_wconf 89' lang='lat' dir='ltr'><em>E</em></span> <span class='ocrx_word' id='word_1_337' title='bbox 1490 1964 1551 1993; x_wconf 85' lang='lat'>726</span> <span class='ocrx_word' id='word_1_338' title='bbox 1564 1965 1594 1992; x_wconf 83' lang='lat' dir='ltr'><em>A</em></span> <span class='ocrx_word' id='word_1_339' title='bbox 1608 1964 1660 1993; x_wconf 83' lang='lat'>24.</span> <span class='ocrx_word' id='word_1_340' title='bbox 1679 1961 1692 2004; x_wconf 76' lang='grc' dir='ltr'>ΙΙ</span> <span class='ocrx_word' id='word_1_341' title='bbox 1715 1964 1883 2003; x_wconf 80' lang='grc' dir='ltr'><em>ἀπάγχων]</em></span> 
     </span>
     <span class='ocr_line' id='line_1_59' title="bbox 1042 2015 1801 2054; baseline 0.003 -10"><span class='ocrx_word' id='word_1_342' title='bbox 1042 2024 1150 2053; x_wconf 85' lang='lat' dir='ltr'>comp.</span> <span class='ocrx_word' id='word_1_343' title='bbox 1175 2024 1241 2044; x_wconf 90' lang='lat' dir='ltr'>non</span> <span class='ocrx_word' id='word_1_344' title='bbox 1266 2015 1364 2051; x_wconf 83' lang='lat' dir='ltr'>redit,</span> <span class='ocrx_word' id='word_1_345' title='bbox 1389 2016 1535 2054; x_wconf 79' lang='lat' dir='ltr'>simplex</span> <span class='ocrx_word' id='word_1_346' title='bbox 1560 2018 1652 2046; x_wconf 78' lang='lat' dir='ltr'>extat</span> <span class='ocrx_word' id='word_1_347' title='bbox 1678 2019 1708 2046; x_wconf 93' lang='grc' dir='ltr'><strong><em>Γ</em></strong></span> <span class='ocrx_word' id='word_1_348' title='bbox 1727 2017 1801 2046; x_wconf 84' lang='lat'>371.</span> 
     </span>
    </p>

    <p class='ocr_par' dir='ltr' id='par_1_36' title="bbox 1041 2066 1879 2158">
     <span class='ocr_line' id='line_1_60' title="bbox 1085 2066 1879 2109; baseline 0.004 -13"><span class='ocrx_word' id='word_1_349' title='bbox 1085 2066 1147 2096; x_wconf 87' lang='lat'>231</span> <span class='ocrx_word' id='word_1_350' title='bbox 1174 2066 1206 2105; x_wconf 78' lang='grc' dir='ltr'>ὃ]</span> <span class='ocrx_word' id='word_1_351' title='bbox 1234 2069 1249 2096; x_wconf 75' lang='grc' dir='ltr'>ὅ</span> <span class='ocrx_word' id='word_1_352' title='bbox 1274 2068 1323 2104; x_wconf 81' lang='lat' dir='ltr'>y&#39;?</span> <span class='ocrx_word' id='word_1_353' title='bbox 1354 2068 1421 2097; x_wconf 85' lang='lat' dir='ltr'>vid.</span> <span class='ocrx_word' id='word_1_354' title='bbox 1450 2075 1487 2097; x_wconf 90' lang='lat' dir='ltr'>n0</span> <span class='ocrx_word' id='word_1_355' title='bbox 1513 2069 1552 2098; x_wconf 89' lang='grc'>15</span> <span class='ocrx_word' id='word_1_356' title='bbox 1578 2070 1612 2098; x_wconf 82' lang='lat' dir='ltr'>et</span> <span class='ocrx_word' id='word_1_357' title='bbox 1637 2069 1679 2098; x_wconf 88' lang='lat' dir='ltr'>ad</span> <span class='ocrx_word' id='word_1_358' title='bbox 1707 2070 1733 2099; x_wconf 85' lang='grc' dir='ltr'>Θ</span> <span class='ocrx_word' id='word_1_359' title='bbox 1762 2070 1835 2099; x_wconf 85' lang='grc'>271.</span> <span class='ocrx_word' id='word_1_360' title='bbox 1867 2067 1879 2109; x_wconf 84' lang='grc' dir='ltr'>ΙΙ</span> 
     </span>
     <span class='ocr_line' id='line_1_61' title="bbox 1041 2120 1499 2158; baseline 0.004 -11"><span class='ocrx_word' id='word_1_361' title='bbox 1041 2120 1208 2158; x_wconf 74' lang='grc' dir='ltr'><em>ἐκφυγέμεν</em></span> <span class='ocrx_word' id='word_1_362' title='bbox 1231 2126 1269 2148; x_wconf 90' lang='lat' dir='ltr'>n0</span> <span class='ocrx_word' id='word_1_363' title='bbox 1296 2120 1373 2158; x_wconf 87' lang='lat'>126]</span> <span class='ocrx_word' id='word_1_364' title='bbox 1400 2121 1499 2158; x_wconf 83' lang='grc' dir='ltr'><em>-γέειν,</em></span> 
     </span>
    </p>

    <p class='ocr_par' dir='ltr' id='par_1_37' title="bbox 1038 2169 1884 2472">
     <span class='ocr_line' id='line_1_62' title="bbox 1084 2169 1884 2213; baseline 0.003 -13"><span class='ocrx_word' id='word_1_365' title='bbox 1084 2170 1148 2200; x_wconf 88' lang='grc'>233</span> <span class='ocrx_word' id='word_1_366' title='bbox 1172 2172 1317 2201; x_wconf 85' lang='grc' dir='ltr'><em>λοπὸν</em></span> <span class='ocrx_word' id='word_1_367' title='bbox 1332 2169 1503 2213; x_wconf 85' lang='grc' dir='ltr'><em>ἰσχαλέοιο]</em></span> <span class='ocrx_word' id='word_1_368' title='bbox 1527 2174 1712 2210; x_wconf 85' lang='lat' dir='ltr'>utrumque</span> <span class='ocrx_word' id='word_1_369' title='bbox 1731 2182 1804 2203; x_wconf 79' lang='lat' dir='ltr'>voc.</span> <span class='ocrx_word' id='word_1_370' title='bbox 1820 2173 1884 2202; x_wconf 86' lang='lat' dir='ltr'>hoc</span> 
     </span>
     <span class='ocr_line' id='line_1_63' title="bbox 1040 2224 1882 2262; baseline 0.004 -10"><span class='ocrx_word' id='word_1_371' title='bbox 1040 2232 1107 2252; x_wconf 91' lang='lat' dir='ltr'>uno</span> <span class='ocrx_word' id='word_1_372' title='bbox 1143 2224 1217 2253; x_wconf 88' lang='lat' dir='ltr'>loco</span> <span class='ocrx_word' id='word_1_373' title='bbox 1252 2224 1344 2262; x_wconf 84' lang='lat' dir='ltr'>apud</span> <span class='ocrx_word' id='word_1_374' title='bbox 1378 2227 1526 2262; x_wconf 85' lang='lat' dir='ltr'>poetam.</span> <span class='ocrx_word' id='word_1_375' title='bbox 1562 2225 1646 2254; x_wconf 88' lang='lat' dir='ltr'>Cum</span> <span class='ocrx_word' id='word_1_376' title='bbox 1676 2225 1774 2255; x_wconf 88' lang='lat' dir='ltr'>bulbi</span> <span class='ocrx_word' id='word_1_377' title='bbox 1797 2225 1882 2255; x_wconf 84' lang='lat' dir='ltr'>inte-</span> 
     </span>
     <span class='ocr_line' id='line_1_64' title="bbox 1039 2276 1883 2316; baseline 0.004 -12"><span class='ocrx_word' id='word_1_378' title='bbox 1039 2276 1186 2305; x_wconf 81' lang='lat' dir='ltr'>rioribus</span> <span class='ocrx_word' id='word_1_379' title='bbox 1220 2276 1414 2316; x_wconf 84' lang='lat' dir='ltr'>involucris,</span> <span class='ocrx_word' id='word_1_380' title='bbox 1447 2286 1534 2314; x_wconf 84' lang='lat' dir='ltr'>quae</span> <span class='ocrx_word' id='word_1_381' title='bbox 1567 2279 1647 2306; x_wconf 85' lang='lat' dir='ltr'>sunt</span> <span class='ocrx_word' id='word_1_382' title='bbox 1682 2278 1883 2308; x_wconf 83' lang='lat' dir='ltr'>tenuissima</span> 
     </span>
     <span class='ocr_line' id='line_1_65' title="bbox 1040 2329 1881 2368; baseline 0.004 -11"><span class='ocrx_word' id='word_1_383' title='bbox 1040 2330 1073 2357; x_wconf 85' lang='lat' dir='ltr'>et</span> <span class='ocrx_word' id='word_1_384' title='bbox 1101 2329 1169 2358; x_wconf 87' lang='lat' dir='ltr'>leni</span> <span class='ocrx_word' id='word_1_385' title='bbox 1200 2329 1381 2367; x_wconf 81' lang='lat' dir='ltr'>splendore</span> <span class='ocrx_word' id='word_1_386' title='bbox 1406 2330 1561 2368; x_wconf 78' lang='lat' dir='ltr'>insignia,</span> <span class='ocrx_word' id='word_1_387' title='bbox 1593 2331 1761 2368; x_wconf 75' lang='lat' dir='ltr'>exquisite</span> <span class='ocrx_word' id='word_1_388' title='bbox 1791 2340 1881 2360; x_wconf 85' lang='lat' dir='ltr'>com-</span> 
     </span>
     <span class='ocr_line' id='line_1_66' title="bbox 1038 2382 1881 2418; baseline 0.002 -8"><span class='ocrx_word' id='word_1_389' title='bbox 1038 2383 1177 2418; x_wconf 83' lang='lat' dir='ltr'>paratur</span> <span class='ocrx_word' id='word_1_390' title='bbox 1203 2382 1308 2411; x_wconf 82' lang='lat' dir='ltr'>lintea</span> <span class='ocrx_word' id='word_1_391' title='bbox 1339 2382 1448 2412; x_wconf 85' lang='lat' dir='ltr'>Ulixis</span> <span class='ocrx_word' id='word_1_392' title='bbox 1479 2382 1602 2411; x_wconf 81' lang='lat' dir='ltr'>tunica.</span> <span class='ocrx_word' id='word_1_393' title='bbox 1629 2383 1678 2412; x_wconf 86' lang='lat' dir='ltr'>Cf.</span> <span class='ocrx_word' id='word_1_394' title='bbox 1704 2383 1747 2412; x_wconf 86' lang='lat' dir='ltr'>ad</span> <span class='ocrx_word' id='word_1_395' title='bbox 1770 2386 1795 2412; x_wconf 79' lang='grc' dir='ltr'><em>Σ</em></span> <span class='ocrx_word' id='word_1_396' title='bbox 1819 2384 1881 2413; x_wconf 89' lang='grc'>596</span> 
     </span>
     <span class='ocr_line' id='line_1_67' title="bbox 1040 2435 1590 2472; baseline 0.007 -11"><span class='ocrx_word' id='word_1_397' title='bbox 1040 2446 1055 2472; x_wconf 85' lang='grc' dir='ltr'><em>η</em></span> <span class='ocrx_word' id='word_1_398' title='bbox 1081 2435 1153 2463; x_wconf 79' lang='grc'>107.</span> <span class='ocrx_word' id='word_1_399' title='bbox 1587 2442 1590 2445; x_wconf 71' lang='grc'>’</span> 
     </span>
    </p>

    <p class='ocr_par' dir='ltr' id='par_1_38' title="bbox 1081 2484 1545 2524">
     <span class='ocr_line' id='line_1_68' title="bbox 1081 2484 1545 2524; baseline 0.002 -9"><span class='ocrx_word' id='word_1_400' title='bbox 1081 2485 1147 2515; x_wconf 84' lang='grc'>234</span> <span class='ocrx_word' id='word_1_401' title='bbox 1173 2484 1221 2524; x_wconf 82' lang='grc' dir='ltr'><em>ἧν]</em></span> <span class='ocrx_word' id='word_1_402' title='bbox 1248 2488 1314 2516; x_wconf 67' lang='grc' dir='ltr'>ἔενὶ)</span> <span class='ocrx_word' id='word_1_403' title='bbox 1340 2487 1382 2516; x_wconf 81' lang='lat' dir='ltr'>ef.</span> <span class='ocrx_word' id='word_1_404' title='bbox 1409 2494 1445 2516; x_wconf 90' lang='lat' dir='ltr'>n0</span> <span class='ocrx_word' id='word_1_405' title='bbox 1472 2488 1545 2517; x_wconf 86' lang='lat'>302.</span> 
     </span>
    </p>

    <p class='ocr_par' dir='ltr' id='par_1_39' title="bbox 1035 2537 1874 2629">
     <span class='ocr_line' id='line_1_69' title="bbox 1080 2537 1874 2581; baseline 0.004 -13"><span class='ocrx_word' id='word_1_406' title='bbox 1080 2537 1144 2568; x_wconf 84' lang='grc'>237</span> <span class='ocrx_word' id='word_1_407' title='bbox 1174 2539 1223 2577; x_wconf 83' lang='grc' dir='ltr'><em>οὐ]</em></span> <span class='ocrx_word' id='word_1_408' title='bbox 1261 2541 1315 2568; x_wconf 84' lang='grc' dir='ltr'><em>οὐκ</em></span> <span class='ocrx_word' id='word_1_409' title='bbox 1352 2539 1447 2568; x_wconf 84' lang='lat' dir='ltr'>codd.</span> <span class='ocrx_word' id='word_1_410' title='bbox 1490 2538 1501 2579; x_wconf 79' lang='grc' dir='ltr'>ΙΙ</span> <span class='ocrx_word' id='word_1_411' title='bbox 1547 2540 1561 2578; x_wconf 77' lang='grc' dir='ltr'><em>ἢ</em></span> <span class='ocrx_word' id='word_1_412' title='bbox 1597 2547 1634 2569; x_wconf 90' lang='lat' dir='ltr'>n⁰</span> <span class='ocrx_word' id='word_1_413' title='bbox 1672 2539 1751 2579; x_wconf 87' lang='lat'><strong>327]</strong></span> <span class='ocrx_word' id='word_1_414' title='bbox 1788 2542 1821 2570; x_wconf 83' lang='grc' dir='ltr'>εἶ.</span> <span class='ocrx_word' id='word_1_415' title='bbox 1861 2538 1874 2581; x_wconf 84' lang='grc' dir='ltr'>Η</span> 
     </span>
     <span class='ocr_line' id='line_1_70' title="bbox 1035 2587 1669 2629; baseline 0.003 -9"><span class='ocrx_word' id='word_1_416' title='bbox 1035 2587 1185 2629; x_wconf 53' lang='grc' dir='ltr'><em>αεοίκοὲῗ]</em></span> <span class='ocrx_word' id='word_1_417' title='bbox 1211 2592 1231 2620; x_wconf 91' lang='lat' dir='ltr'>i.</span> <span class='ocrx_word' id='word_1_418' title='bbox 1257 2601 1286 2620; x_wconf 85' lang='lat' dir='ltr'>e.</span> <span class='ocrx_word' id='word_1_419' title='bbox 1309 2588 1452 2621; x_wconf 62' lang='lat' dir='ltr'>fodico-91.</span> <span class='ocrx_word' id='word_1_420' title='bbox 1480 2592 1529 2621; x_wconf 85' lang='lat' dir='ltr'>Cf.</span> <span class='ocrx_word' id='word_1_421' title='bbox 1555 2591 1571 2626; x_wconf 77' lang='grc' dir='ltr'>’ξ</span> <span class='ocrx_word' id='word_1_422' title='bbox 1597 2593 1669 2622; x_wconf 85' lang='grc'><strong>252.</strong></span> 
     </span>
    </p>

    <p class='ocr_par' dir='ltr' id='par_1_40' title="bbox 1080 2641 1386 2682">
     <span class='ocr_line' id='line_1_71' title="bbox 1080 2641 1386 2682; baseline 0.003 -10"><span class='ocrx_word' id='word_1_423' title='bbox 1080 2642 1145 2673; x_wconf 87' lang='grc'>240</span> <span class='ocrx_word' id='word_1_424' title='bbox 1169 2641 1285 2682; x_wconf 79' lang='grc' dir='ltr'><em>*ἧσκε]</em></span> <span class='ocrx_word' id='word_1_425' title='bbox 1311 2645 1386 2673; x_wconf 74' lang='grc' dir='ltr'><em>ἔσκε,</em></span> 
     </span>
    </p>

    <p class='ocr_par' dir='ltr' id='par_1_41' title="bbox 1036 2692 1873 2786">
     <span class='ocr_line' id='line_1_72' title="bbox 1079 2692 1873 2738; baseline 0.003 -13"><span class='ocrx_word' id='word_1_426' title='bbox 1079 2695 1142 2725; x_wconf 85' lang='grc'>241</span> <span class='ocrx_word' id='word_1_427' title='bbox 1170 2692 1243 2737; x_wconf 66' lang='lat' dir='ltr'>foc]</span> <span class='ocrx_word' id='word_1_428' title='bbox 1279 2696 1340 2725; x_wconf 78' lang='grc' dir='ltr'><em>τότ’</em></span> <span class='ocrx_word' id='word_1_429' title='bbox 1379 2696 1450 2726; x_wconf 90' lang='lat' dir='ltr'>XD</span> <span class='ocrx_word' id='word_1_430' title='bbox 1486 2698 1652 2735; x_wconf 84' lang='lat' dir='ltr'>probante</span> <span class='ocrx_word' id='word_1_431' title='bbox 1687 2698 1820 2727; x_wconf 86' lang='lat' dir='ltr'>Bothio.</span> <span class='ocrx_word' id='word_1_432' title='bbox 1861 2696 1873 2738; x_wconf 84' lang='grc' dir='ltr'>ΙΙ</span> 
     </span>
     <span class='ocr_line' id='line_1_73' title="bbox 1036 2748 1602 2786; baseline 0.004 -10"><span class='ocrx_word' id='word_1_433' title='bbox 1036 2748 1154 2777; x_wconf 60' lang='lat' dir='ltr'>dinizo?</span> <span class='ocrx_word' id='word_1_434' title='bbox 1182 2748 1295 2786; x_wconf 73' lang='grc' dir='ltr'><em>ἔδωκα]</em></span> <span class='ocrx_word' id='word_1_435' title='bbox 1316 2749 1375 2778; x_wconf 71' lang='grc' dir='ltr'><em>’-κα</em></span> <span class='ocrx_word' id='word_1_436' title='bbox 1400 2749 1482 2778; x_wconf 76' lang='grc' dir='ltr'><em>δῶκα</em></span> <span class='ocrx_word' id='word_1_437' title='bbox 1507 2749 1602 2778; x_wconf 83' lang='lat' dir='ltr'>codd.</span> 
     </span>
    </p>

    <p class='ocr_par' dir='ltr' id='par_1_42' title="bbox 1034 2799 1879 3100">
     <span class='ocr_line' id='line_1_74' title="bbox 1079 2799 1879 2841; baseline 0.003 -12"><span class='ocrx_word' id='word_1_438' title='bbox 1079 2799 1144 2829; x_wconf 84' lang='lat'>242</span> <span class='ocrx_word' id='word_1_439' title='bbox 1169 2800 1358 2841; x_wconf 81' lang='grc' dir='ltr'><em>τερμιόεντα]</em></span> <span class='ocrx_word' id='word_1_440' title='bbox 1395 2801 1427 2830; x_wconf 91' lang='lat' dir='ltr'>h.</span> <span class='ocrx_word' id='word_1_441' title='bbox 1461 2802 1483 2829; x_wconf 89' lang='lat' dir='ltr'>l.</span> <span class='ocrx_word' id='word_1_442' title='bbox 1516 2803 1550 2830; x_wconf 86' lang='lat' dir='ltr'>et</span> <span class='ocrx_word' id='word_1_443' title='bbox 1574 2805 1611 2831; x_wconf 82' lang='lat' dir='ltr'><em>H</em></span> <span class='ocrx_word' id='word_1_444' title='bbox 1632 2803 1704 2832; x_wconf 88' lang='grc'><strong>803.</strong></span> <span class='ocrx_word' id='word_1_445' title='bbox 1733 2801 1879 2832; x_wconf 78' lang='lat' dir='ltr'>Talarem</span> 
     </span>
     <span class='ocr_line' id='line_1_75' title="bbox 1034 2849 1877 2894; baseline 0.005 -14"><span class='ocrx_word' id='word_1_446' title='bbox 1034 2849 1199 2894; x_wconf 65' lang='grc' dir='ltr'><em>(ποδήρη),</em></span> <span class='ocrx_word' id='word_1_447' title='bbox 1231 2851 1337 2882; x_wconf 76' lang='lat' dir='ltr'>diebus</span> <span class='ocrx_word' id='word_1_448' title='bbox 1361 2854 1465 2890; x_wconf 87' lang='lat' dir='ltr'>igitur</span> <span class='ocrx_word' id='word_1_449' title='bbox 1483 2852 1583 2893; x_wconf 77' lang='lat' dir='ltr'>festis</span> <span class='ocrx_word' id='word_1_450' title='bbox 1614 2854 1803 2893; x_wconf 83' lang='lat' dir='ltr'>ferendum,</span> <span class='ocrx_word' id='word_1_451' title='bbox 1828 2855 1877 2884; x_wconf 89' lang='lat' dir='ltr'>in-</span> 
     </span>
     <span class='ocr_line' id='line_1_76' title="bbox 1034 2906 1879 2945; baseline 0.004 -12"><span class='ocrx_word' id='word_1_452' title='bbox 1034 2906 1265 2942; x_wconf 82' lang='lat' dir='ltr'>terpretantur</span> <span class='ocrx_word' id='word_1_453' title='bbox 1300 2907 1443 2941; x_wconf 71' lang='lat' dir='ltr'>veteres,</span> <span class='ocrx_word' id='word_1_454' title='bbox 1481 2908 1516 2935; x_wconf 82' lang='lat' dir='ltr'>et</span> <span class='ocrx_word' id='word_1_455' title='bbox 1550 2906 1606 2935; x_wconf 83' lang='lat' dir='ltr'>vix</span> <span class='ocrx_word' id='word_1_456' title='bbox 1638 2907 1736 2936; x_wconf 86' lang='lat' dir='ltr'>aliter</span> <span class='ocrx_word' id='word_1_457' title='bbox 1765 2909 1879 2945; x_wconf 86' lang='lat' dir='ltr'>potest</span> 
     </span>
     <span class='ocr_line' id='line_1_77' title="bbox 1034 2957 1876 2996; baseline 0.005 -11"><span class='ocrx_word' id='word_1_458' title='bbox 1034 2957 1142 2994; x_wconf 82' lang='lat' dir='ltr'>accipi</span> <span class='ocrx_word' id='word_1_459' title='bbox 1166 2957 1301 2986; x_wconf 87' lang='lat' dir='ltr'>Hesiod.</span> <span class='ocrx_word' id='word_1_460' title='bbox 1329 2958 1428 2995; x_wconf 88' lang='lat' dir='ltr'>Oper.</span> <span class='ocrx_word' id='word_1_461' title='bbox 1456 2958 1538 2993; x_wconf 80' lang='lat'>5373</span> <span class='ocrx_word' id='word_1_462' title='bbox 1565 2958 1604 2987; x_wconf 84' lang='lat' dir='ltr'>cf.</span> <span class='ocrx_word' id='word_1_463' title='bbox 1630 2958 1755 2996; x_wconf 90' lang='lat' dir='ltr'>Helbig</span> <span class='ocrx_word' id='word_1_464' title='bbox 1779 2960 1876 2989; x_wconf 89' lang='lat' dir='ltr'>Hom.</span> 
     </span>
     <span class='ocr_line' id='line_1_78' title="bbox 1034 3006 1878 3046; baseline 0.004 -9"><span class='ocrx_word' id='word_1_465' title='bbox 1034 3006 1139 3046; x_wconf 74' lang='grc' dir='ltr'>Εροε,1</span> <span class='ocrx_word' id='word_1_466' title='bbox 1181 3017 1214 3046; x_wconf 88' lang='lat' dir='ltr'>p.</span> <span class='ocrx_word' id='word_1_467' title='bbox 1253 3009 1315 3037; x_wconf 89' lang='grc'>115</span> <span class='ocrx_word' id='word_1_468' title='bbox 1359 3011 1392 3038; x_wconf 87' lang='lat' dir='ltr'>et</span> <span class='ocrx_word' id='word_1_469' title='bbox 1435 3010 1477 3038; x_wconf 86' lang='lat' dir='ltr'>ad</span> <span class='ocrx_word' id='word_1_470' title='bbox 1520 3013 1553 3038; x_wconf 90' lang='lat' dir='ltr'><strong><em>N</em></strong></span> <span class='ocrx_word' id='word_1_471' title='bbox 1589 3011 1662 3039; x_wconf 89' lang='lat'>685.</span> <span class='ocrx_word' id='word_1_472' title='bbox 1705 3011 1878 3040; x_wconf 87' lang='lat' dir='ltr'>Duentzer</span> 
     </span>
     <span class='ocr_line' id='line_1_79' title="bbox 1035 3061 1787 3100; baseline 0.003 -10"><span class='ocrx_word' id='word_1_473' title='bbox 1035 3061 1239 3090; x_wconf 82' lang='lat' dir='ltr'>Studniokza</span> <span class='ocrx_word' id='word_1_474' title='bbox 1263 3061 1319 3089; x_wconf 84' lang='lat' dir='ltr'>alii</span> <span class='ocrx_word' id='word_1_475' title='bbox 1352 3063 1549 3099; x_wconf 72' lang='lat' dir='ltr'>praetextam</span> <span class='ocrx_word' id='word_1_476' title='bbox 1573 3062 1787 3100; x_wconf 83' lang='lat' dir='ltr'>intellegunt.</span> 
     </span>
    </p>

    <p class='ocr_par' dir='ltr' id='par_1_43' title="bbox 1077 3110 1610 3159">
     <span class='ocr_line' id='line_1_80' title="bbox 1077 3110 1610 3159; baseline 0.004 -17"><span class='ocrx_word' id='word_1_477' title='bbox 1077 3111 1141 3143; x_wconf 82' lang='lat'>243</span> <span class='ocrx_word' id='word_1_478' title='bbox 1167 3112 1336 3150; x_wconf 76' lang='grc' dir='ltr'><em>ἐυσσέλμοι’</em></span> <span class='ocrx_word' id='word_1_479' title='bbox 1366 3120 1402 3142; x_wconf 90' lang='lat' dir='ltr'>n0</span> <span class='ocrx_word' id='word_1_480' title='bbox 1429 3110 1486 3159; x_wconf 87' lang='lat'>59]</span> <span class='ocrx_word' id='word_1_481' title='bbox 1511 3117 1610 3153; x_wconf 78' lang='grc' dir='ltr'><em>-λμου,</em></span> 
     </span>
    </p>
   </div>
  </div>
 </body>
</html>
