2068 3390
979 181 1033 206 XV

178 310 239 346 Sic
263 309 414 345 multae
438 309 640 353 lectiones,
666 317 767 352 quae
792 306 884 342 olim
910 317 989 342 non
1018 306 1093 341 nisi
1122 306 1300 341 sublesta
1317 307 1552 343 auctoritate
1568 308 1885 352 apographorum

124 379 272 416 saeculi
300 379 375 415 XV
403 379 465 414 vel
496 378 604 423 XVI,
634 376 945 413 Meermanniani
977 375 1048 420 (Ο),
1079 375 1410 418 Stuttgardiensis
1441 376 1509 421 (Z),
1539 377 1681 412 Veneti
1712 378 1787 412 456
1818 377 1884 420 (k),

122 449 301 484 munitae
339 449 464 493 erant,
492 448 572 483 iam
601 448 697 482 sunt
726 446 905 490 repertae
932 446 972 480 in
1002 445 1131 481 codice
1159 445 1202 489 F,
1233 445 1297 489 qui
1328 446 1442 480 annis
1472 447 1698 490 quingentis
1724 456 1884 482 sexcen-

121 519 224 555 tisve
263 520 326 554 est
366 518 572 554 vetustior.
613 516 652 552 Si
690 517 825 551 autem
862 515 902 550 in
940 515 1264 550 annotationibus
1302 515 1450 549 nostris
1481 525 1500 550 e
1525 516 1653 551 codice
1679 516 1707 551 F
1739 516 1883 559 aliquid

122 588 298 634 affertur,
336 589 440 624 idem
478 588 520 622 in
558 586 673 623 OZk
714 587 851 621 extare
890 585 1112 629 significare
1155 584 1366 629 voluimus,
1398 585 1474 620 nisi
1502 586 1741 621 contrarium
1771 585 1889 620 fuerit

122 659 378 695 observatum
395 657 435 701 ¹).

176 729 324 765 Similis
360 729 459 765 ratio
498 727 706 764 intercedit
744 727 848 762 inter
886 726 1038 762 codices
1072 725 1192 760 PYl.
1231 725 1307 761 Ubi
1335 725 1457 769 igitur
1483 725 1522 760 in
1551 726 1698 761 nostris
1727 727 1886 761 annota-

122 799 296 835 tionibus
334 798 668 834 commemoratur
707 797 822 832 lectio
862 795 1044 840 Palatini,
1083 796 1186 831 idem
1220 796 1260 830 in
1290 795 1325 830 Y
1356 795 1395 830 et
1423 795 1434 830 1
1464 795 1540 839 legi
1574 797 1681 839 puta.
1713 796 1759 830 In
1785 796 1888 831 calce

124 869 245 904 huius
280 868 447 913 paginae
487 869 526 904 et
560 867 766 911 sequentis
796 866 1060 911 excripsimus
1090 865 1284 901 notabiles
1315 865 1464 909 aliquot
1492 864 1692 909 lectiones,
1724 875 1743 900 e
1772 865 1888 908 longe

88 977 91 979 ,
122 938 269 974 maiore
298 938 409 982 copia
438 937 620 983 selectaS,
651 946 751 982 quae
782 936 979 972 codicibus
1007 935 1036 971 P
1054 935 1116 971 Yl
1145 935 1271 979 iisque
1302 935 1396 970 solis
1428 944 1660 970 communes
1691 937 1785 970 sunt
1803 933 1842 978 2).

123 1082 206 1112 licet
240 1081 386 1118 codices,
422 1081 480 1119 qui
511 1080 679 1110 hactenus
712 1078 827 1108 collati
855 1080 944 1115 sunt,
968 1078 1037 1108 illis
1062 1078 1145 1108 locis
1169 1086 1235 1107 non
1259 1077 1434 1112 addicant3
1459 1077 1602 1107 fortasse
1630 1077 1770 1115 posthac
1796 1077 1888 1106 addi-

123 1136 201 1165 cent
224 1134 291 1164 alii.

167 1188 328 1219 Obsoleta
359 1187 500 1226 genitivi
532 1187 641 1216 forma
664 1186 699 1215 in
723 1197 771 1215 -οο
797 1193 858 1223 pro
884 1197 943 1219 -ου,
968 1193 1056 1222 quae
1082 1185 1116 1214 et
1141 1184 1222 1213 alibi
1246 1184 1279 1213 in
1305 1184 1495 1213 Homericis
1522 1183 1732 1213 restituenda
1757 1183 1891 1213 videtur

125 1243 159 1272 et
182 1242 319 1272 omnino
342 1241 528 1279 requiritur
553 1243 581 1269 B
607 1239 670 1269 325
695 1251 715 1268 α
742 1239 781 1269 70
808 1239 840 1268 h.
867 1238 929 1277 Ap.
957 1238 1030 1274 156,
1055 1237 1113 1267 ubi
1135 1237 1236 1267 lectio
1255 1237 1394 1275 vulgata
1414 1238 1466 1267 est
1487 1237 1549 1271 ὅου,
1571 1245 1659 1265 nunc
1683 1236 1716 1265 in
1736 1237 1890 1265 Palatino

123 1296 258 1333 reperta
280 1296 332 1324 est
355 1306 375 1323 α
401 1295 440 1324 70
466 1293 576 1332 prima
600 1302 704 1322 manu
731 1293 878 1322 exarata.
903 1292 1048 1322 Mutavit
1072 1293 1252 1328 corrector,
1277 1291 1325 1320 sic
1350 1291 1470 1320 vitium
1495 1290 1626 1319 scilicet
1649 1299 1684 1319 se
1710 1289 1889 1319 emendare

124 1349 228 1377 ratus.
262 1347 380 1377 Scriba
411 1348 524 1376 autem
557 1346 585 1375 si
609 1355 671 1385 per
698 1354 846 1375 errorem
871 1345 1055 1383 scripserat
1080 1345 1113 1374 <3¹0
1139 1361 1179 1365 —
1203 1353 1282 1374 nam
1307 1344 1379 1374 fieri
1407 1345 1521 1382 potest
1543 1345 1581 1372 ut
1605 1352 1698 1373 mero
1721 1352 1802 1373 casu
1825 1343 1889 1373 hoc

123 1401 198 1430 loco
222 1409 341 1430 verum
366 1399 519 1438 posuerit
548 1415 585 1420 ·—
608 1407 672 1428 nae
697 1398 778 1428 felix
802 1398 859 1427 ille
885 1399 958 1428 erat
979 1407 1081 1427 error.

169 1453 300 1484 Alcinoi
323 1453 425 1483 aedes
448 1452 683 1490 descripturus
707 1452 809 1490 poeta
835 1451 1023 1480 secundum
1047 1451 1228 1480 lectionem
1253 1450 1425 1488 vulgatam
1451 1450 1500 1479 sic
1524 1450 1644 1488 incipit
1670 1462 1684 1486 η
1710 1450 1768 1479 86:

567 1507 694 1544 χάλκεοι
718 1505 774 1542 μὲν
797 1505 855 1545 γὰρ
880 1510 979 1542 τοῖχοι
1006 1504 1155 1542 ἐληλέδατ’
1184 1505 1263 1533 ἔνθα
1288 1505 1337 1533 καὶ
1362 1505 1449 1533 ἔνθα.

171 1560 211 1590 In
250 1559 304 1589 his
338 1559 498 1589 vitiosum
535 1560 587 1589 est
622 1558 771 1597 ἐληλέδατ’
798 1557 852 1587 vel
879 1557 1048 1596 ἐληλάὸατ’,
1085 1566 1172 1595 quae
1207 1557 1315 1586 forma
1347 1557 1575 1586 contaminata
1606 1559 1658 1587 est
1690 1566 1729 1586 ex
1760 1556 1892 1585 duabus

133 1613 348 1648 lectionibus,
373 1621 516 1650 quarum
553 1611 660 1641 altera
696 1610 848 1652 ἐρηρέδατ’
877 1610 1014 1648 irrepsit
1049 1619 1066 1640 e
1102 1619 1203 1640 versu
1234 1611 1344 1640 vicino
1377 1611 1430 1647 95,
1455 1611 1560 1640 altera
1589 1610 1718 1648 {ivpas'czz’
1748 1611 1839 1639 extat
1862 1609 1895 1638 in

129 1666 155 1695 P
181 1667 216 1696 et
238 1665 433 1704 recipienda
469 1666 531 1701 est,
563 1664 627 1696 nisi
660 1664 751 1702 quod
775 1663 905 1702 duplici
929 1663 1030 1701 alpha
1054 1664 1190 1702 tarsicia?
1218 1663 1366 1693 scribere
1388 1666 1548 1702 praestat.
1574 1664 1640 1694 Sed
1660 1664 1835 1702 praeterea
1861 1662 1893 1691 in

128 1727 247 1748 versus
273 1718 368 1748 initio
393 1718 501 1748 officit
525 1717 705 1755 synizesis;
735 1716 826 1754 quod
849 1716 1101 1746 incommodum
1126 1716 1296 1754 quomodo
1318 1719 1408 1746 esset
1421 1717 1620 1753 tollendum,
1634 1717 1713 1746 olim
1728 1715 1894 1754 suspicari

127 1772 335 1810 poteramus,
360 1780 448 1800 nunc
474 1779 657 1809 possumus
682 1769 924 1799 demonstrare.
950 1769 1079 1807 Nempe
1102 1770 1136 1798 in
1160 1770 1186 1799 P
1212 1771 1264 1799 est
1286 1772 1412 1808 χάλκεοι
1436 1771 1494 1811 γὰρ
1521 1775 1630 1809 τοῖχοι,
1655 1770 1688 1798 in
1715 1769 1740 1798 F
1765 1771 1891 1807 χάλκεοι

123 1825 178 1862 μὲν
202 1829 313 1863 τοῖχοι,
338 1824 479 1853 alteram
503 1825 614 1852 utram
640 1822 744 1859 igitur
768 1821 924 1851 voculam
950 1822 1186 1860 expellendam
1212 1832 1286 1852 esse
1310 1823 1559 1861 intellegimus3
1587 1832 1663 1852 cum
1684 1831 1763 1851 vero
1782 1821 1890 1851 multo

125 1877 236 1916 aptior
269 1876 441 1906 contextui
478 1876 522 1906 sit
557 1875 749 1906 coniunctio
780 1874 843 1912 μέν,
869 1874 1011 1904 dubium
1037 1884 1104 1905 non
1127 1875 1261 1905 videtur
1290 1876 1371 1914 quin
1395 1878 1496 1914 poeta
1521 1876 1652 1906 dederit
1674 1877 1811 1914 χάλκειοι
1836 1875 1891 1912 μὲν

125 1935 234 1968 τοῖχοι,
259 1930 300 1965 ut
319 1930 411 1958 extat
434 1929 468 1958 in
492 1929 528 1965 F,
553 1929 581 1958 si
606 1936 805 1958 revocamus
830 1928 897 1957 iota
922 1927 1007 1957 illud
1031 1928 1122 1966 quod
1146 1929 1277 1966 flagitat
1299 1931 1456 1959 metrum.

169 1981 312 2012 Leviora
339 1981 506 2019 quaedam
532 1982 635 2011 verbo
660 1980 815 2019 tetigisse
840 1981 923 2010 satis
948 1983 1015 2019 est;
1042 1991 1070 2011 e.
1095 1991 1126 2019 g.
1151 1986 1172 2022 β
1198 1983 1261 2012 394
1286 1983 1329 2021 ῥ’,
1355 1983 1446 2020 quod
1467 1991 1527 2021 pro
1550 1983 1580 2011 δ’
1606 1982 1685 2011 olim
1707 1981 1893 2020 poscebant

125 2035 240 2065 Ameis
275 2036 308 2065 et
343 2035 553 2071 LaRochius,
586 2044 674 2064 nunc
705 2035 848 2074 praebet
872 2034 978 2064 codex
1001 2035 1043 2070 F;
1071 2035 1153 2064 item
1179 2035 1196 2064 δ
1222 2036 1284 2065 ’789
1313 2036 1329 2073 ἥ
1353 2044 1414 2074 pro
1442 2037 1475 2065 εἴ.
1501 2036 1554 2066 Sic
1578 2039 1603 2065 θ
1628 2036 1690 2065 436
1717 2044 1778 2072 pro
1802 2036 1892 2072 ἔχεαν

123 2088 156 2118 in
188 2088 257 2119 GT
294 2090 467 2126 repertum
509 2089 561 2117 est
592 2089 689 2127 ἕχεον,
723 2087 1010 2126 quemadmodum
1046 2090 1238 2118 correxerat
1263 2088 1429 2124 Cobetus;
1456 2090 1490 2118 et
1513 2088 1612 2126 ἔμμει)
1641 2101 1649 2117 ι
1675 2088 1738 2117 455
1764 2088 1797 2116 iu
1823 2087 1891 2116 GT

122 2141 264 2171 totidem
301 2141 424 2171 litteris
449 2142 623 2170 exaratum
648 2142 751 2177 extat,
776 2149 853 2170 cum
879 2141 983 2170 ceteri
1006 2141 1195 2179 praebeant
1217 2137 1300 2171 εἶναι.
1325 2141 1379 2171 Sic
1403 2153 1420 2170 κ
1446 2142 1509 2170 244
1535 2139 1593 2178 ἂψ,
1619 2140 1709 2178 quod
1735 2149 1795 2178 pro
1820 2135 1889 2177 αἶψ’

122 2194 368 2224 restituendum
405 2203 480 2224 esse
516 2194 672 2223 viderant
701 2194 829 2223 Barnes
866 2194 950 2223 Voss
977 2194 1044 2231 alii,
1069 2203 1158 2223 nunc
1183 2194 1217 2223 in
1241 2195 1270 2224 D
1295 2196 1347 2223 est
1371 2196 1556 2232 repertum.
1582 2193 1636 2223 Sic
1661 2206 1680 2222 α
1705 2193 1767 2222 504
1791 2195 1893 2222 πτολί-

122 2251 246 2288 πορθον
277 2256 338 2286 pro
372 2259 433 2277 -ιον
457 2256 523 2276 non
559 2248 754 2277 coniectura
785 2247 1013 2277 revocandum
1038 2256 1113 2277 esse
1138 2247 1199 2277 sed
1224 2247 1451 2286 complurium
1477 2255 1662 2284 eorumque
1687 2246 1892 2283 optimorum

123 2300 278 2330 codicum
303 2310 378 2330 esse
403 2301 595 2338 lectionem,
620 2310 708 2330 nunc
733 2301 871 2330 demum
896 2300 1063 2339 apparuit.

172 2351 193 2390 ¹)
219 2354 292 2390 Qua
324 2354 357 2383 in
383 2363 418 2383 re
453 2354 561 2383 secuti
595 2363 713 2384 sumus
747 2353 935 2383 Ludwichii
971 2353 1151 2383 consilium
1187 2353 1307 2391 (praef.
1339 2363 1371 2392 p.
1403 2350 1511 2393 XIV):
1546 2361 1627 2391 „pro
1662 2352 1771 2381 tribus
1795 2351 1890 2388 siglis

123 2406 225 2436 ΕΟΖ
261 2406 315 2436 vel
352 2406 486 2436 duobus
524 2407 589 2437 FO
625 2407 774 2446 primum
806 2407 928 2444 positis
960 2415 1038 2436 mox
1066 2415 1172 2436 unum
1197 2406 1223 2436 F
1249 2406 1404 2445 posuisse
1429 2406 1512 2435 satis
1534 2405 1671 2435 habui.''
1692 2421 1735 2425 —-
1760 2404 1892 2434 Codicis

122 2458 144 2488 k
168 2459 297 2488 nullam
321 2459 487 2489 rationem
514 2459 731 2490 Ludwichius
754 2460 884 2489 habuit.

167 2508 195 2554 2)
228 2512 245 2542 δ
270 2513 343 2542 796.
452 2513 534 2542 Post
557 2513 647 2542 hunc
672 2513 706 2542 in
732 2513 812 2542 solis
836 2512 926 2542 PYl
953 2512 1088 2542 additur
1112 2521 1231 2542 versus
1255 2525 1270 2541 ν
1295 2512 1369 2542 289.

222 2569 245 2596 θ
270 2567 322 2596 62.
446 2566 660 2596 Versiculum
692 2566 816 2595 misere
849 2565 1097 2595 claudicantem
1131 2565 1316 2604 Δημόδοκον
1350 2568 1521 2605 λιγύφωνον
1554 2566 1642 2594 ἐόντα
1676 2568 1761 2593 θεῖον
1785 2563 1890 2593 ἀοιδόν

449 2619 573 2648 adiecit
596 2621 766 2648 corrector
787 2618 944 2654 Palatini,
969 2618 1003 2647 in
1028 2620 1123 2647 textu
1149 2619 1278 2648 habent
1301 2618 1361 2648 Yl.

222 2684 239 2702 κ
264 2672 337 2702 502.
451 2673 532 2702 Post
555 2672 646 2701 hunc
672 2672 736 2701 soli
759 2672 784 2701 P
799 2672 849 2701 Yl
875 2671 1027 2701 adiciunt
1051 2680 1187 2701 versum
1212 2675 1227 2701 λ
1254 2672 1327 2701 156.

222 2737 239 2755 κ
264 2726 326 2755 305
352 2735 419 2764 sq.:
450 2729 535 2763 μῶλυ
559 2725 590 2755 δέ
614 2737 666 2763 μιν
691 2725 832 2755 καλέουσι
858 2728 937 2754 θεοί·
962 2725 1100 2763 χαλεπὸν
1125 2725 1157 2754 δέ
1180 2725 1205 2754 τ’
1233 2726 1375 2765 ὀρύσσειν

447 2778 576 2818 ἀνδράσι
609 2791 641 2815 γε
673 2782 824 2816 θνητοῖσι7
860 2779 926 2807 θεοὶ
959 2777 990 2807 δέ
1023 2788 1053 2807 τε
1084 2779 1185 2807 πάντα
1218 2778 1370 2807 δύνανται.
1396 2794 1435 2797 ——-
1466 2777 1598 2806 Desunt
1630 2776 1660 2805 in
1687 2775 1768 2805 solis
1798 2775 1884 2804 PYl

446 2831 550 2861 Verba
577 2834 646 2860 θεοί
661 2848 700 2851 —
716 2834 867 2868 θνητοῖσι.

219 2894 237 2911 κ
261 2883 323 2913 436
350 2892 400 2921 sq.
447 2881 548 2925 (quos
573 2883 689 2913 ordine
715 2884 848 2913 inverso
874 2883 1012 2913 exhibet
1035 2880 1074 2924 F)
1101 2884 1263 2913 omittunt
1288 2882 1351 2912 soli
1375 2882 1400 2911 P
1416 2881 1474 2911 Yl.

222 2947 238 2972 γ
264 2937 345 2966 313:
453 2937 556 2975 δόμων
579 2936 650 2966 ἄπο.
676 2954 717 2958 —
743 2937 834 2967 ΡΥ]
859 2939 954 2976 φίλων
977 2936 1048 2965 ἄπο.

219 2999 236 3024 γ
261 2988 342 3018 3631
451 2992 478 3019 οἱ
504 2989 534 3018 δ’
563 2989 656 3019 ἄλλοι.
683 3007 722 3010 -
747 2990 837 3019 PYl
863 2989 925 3018 ἀλλ’
954 2989 1046 3018 ἄλλοι.

227 3040 244 3069 15
269 3041 325 3070 84:
450 3042 625 3083 Ἐρεμβοὺς.
650 3059 690 3062 -
716 3043 805 3072 ΡΥ]
834 3043 992 3083 Ἀραβούς.

218 3093 235 3122 ὁ
260 3093 339 3123 415:
452 3097 563 3136 κάρτος
587 3104 618 3125 τε
641 3097 694 3135 βίη
718 3106 757 3124 τε.
784 3112 824 3115 -
852 3095 941 3125 ΡΥΙ
965 3095 1054 3136 ἔργον
1078 3105 1107 3123 τε
1133 3095 1204 3129 ἔπος
1228 3104 1265 3123 τε.
