2068 3390
75 181 243 217 Ὀδυσσέως
258 183 407 217 σύστασις
418 182 495 223 πρὸς
508 182 670 221 Φαίακας]

856 171 1072 216 ,θ-

1753 172 1834 213 169

103 328 199 366 VIII

291 323 462 374 »τούτου
496 329 572 362 νῦν
604 321 802 375 ἐφικέσθε,
832 323 924 364 νέοι·
956 325 1050 377 τάχα
1083 322 1121 365 δ’
1155 325 1318 378 ὕστερον
1349 323 1466 364 ἄλλον

230 395 379 450 ἡσέμεν’
415 397 441 451 ἢ
471 405 683 438 τοσσοῦτον
715 397 848 450 ὀίομαι
878 399 904 452 ἢ
937 400 990 440 ἔτι
1021 408 1183 453 μᾶσσον.

230 480 308 514 τῶν
340 471 375 514 δ’
412 472 540 514 ἄλλων
573 474 682 514 ὅτινα
712 490 735 514 κ
790 475 831 514 δ’
986 476 995 488 '
1217 477 1225 488 ‘

738 490 786 527 ρα
814 491 854 526 ιη
886 479 1017 527 θυμος
1049 491 1087 516 τε
1117 480 1276 527 κελευει,

1513 486 1575 516 204
1600 486 1642 515 cf.
1668 498 1683 515 ο
1708 486 1770 516 395

121 558 183 590 205
233 547 334 602 δεῦρ’
371 548 439 602 ἄγε
471 549 713 602 πειρηθήτω,
744 548 829 589 ε’πεί
859 547 891 601 μ’
930 549 1138 603 ἐχολώσατε
1169 552 1271 603 λίην,

231 623 257 677 ἢ
289 625 367 673 πὺξ
399 623 444 677 ἠὲ
475 626 579 680 πάλῃ
611 624 637 678 ἢ
668 624 736 665 καὶ
765 625 883 665 ποσίν
915 649 971 653 —
1006 626 1053 666 οὔ
1085 643 1120 666 τι
1152 627 1322 680 μεγαίρω
1352 650 1407 654 —

233 701 393 741 πάντων
429 701 632 753 Φαιήκων,
662 701 765 753 πλήν
796 698 828 754 γ’
863 701 987 742 αὐτοῦ
1019 703 1322 754 Λαοδάμαντος.

230 778 354 826 ξεῖνος
385 778 459 831 γάρ
493 793 560 829 μοι
592 777 668 817 ὅδε·
699 777 756 825 τίς
787 793 854 817 κεν
886 776 1059 829 φιλέοντι
1091 779 1272 831 μάχοιτο;

233 852 374 907 ἄφρων
404 853 453 905 δὴ
485 854 613 902 κεῖνός
644 869 686 907 γε
717 853 784 893 καὶ
815 853 1023 902 οὐτιδανὸς
1054 852 1172 894 πέλετ’
1209 854 1323 907 ἀνὴρ,

124 937 187 969 210

235 928 277 977 ὅς
308 945 364 977 τις
397 929 606 986 ξεινοδόκῳ
639 929 749 983 ἔριδα
779 929 1026 983 προφέρηται
1057 929 1214 970 ἀέθλων

233 1004 344 1062 δήμῳ
370 1004 419 1045 ’ὲν
451 1005 670 1062 ἀλλοδαπῷ·
702 1004 773 1046 ,Ρέο
807 1003 842 1045 δ’
880 1006 1004 1046 αὐτοῦ
1037 1007 1164 1046 πάντα
1196 1007 1361 1047 κολούει.

234 1088 311 1121 τῶν
343 1078 377 1121 δ’
414 1080 542 1122 ἄλλων
575 1081 623 1122 οὔ
655 1081 726 1135 πέρ
758 1080 824 1122 τιν’
862 1081 1077 1134 ἀναίνομαι
1109 1081 1197 1123 οὐδ’
1235 1082 1418 1136 ἀθερίζω,

234 1155 310 1197 ἀλλ’
347 1156 469 1198 ε’θέλω
500 1158 644 1210 ,Ἐίδμεν
676 1157 742 1198 καὶ
774 1158 1067 1212 πειρηθήμεναι
1100 1158 1234 1211 ἄντην.

234 1233 362 1272 πάντα
393 1233 466 1287 γὰρ
499 1234 546 1274 οὐ
578 1234 697 1282 κακός
729 1235 820 1286 εἰμι,
850 1232 923 1287 μετ’
961 1234 1154 1288 ἀνδράσιν
1186 1235 1295 1275 ὅσσοι
1327 1234 1475 1275 ἄεθλοι·

124 1317 186 1348 215
235 1303 278 1349 εὗ
311 1307 381 1361 μὲν
412 1309 525 1358 τόξον
555 1311 676 1349 folda
709 1309 848 1359 ἐύξοον
881 1310 1187 1363 ἀμφαφάεσθαι,

1523 1322 1586 1352 215
1613 1322 1654 1352 cf.
1681 1333 1696 1351 τ
1722 1322 1782 1351 586

259 1444 322 1473 216
347 1445 466 1486 πρῶτός
489 1444 514 1474 κ’
541 1445 641 1487 ἄνδρα
663 1447 789 1486 βάλοιμι
815 1446 974 1480 ὀιστεύσας
999 1447 1029 1475 ἐν
1054 1446 1148 1486 ὁμίλῳ

347 1497 467 1538 ἀνδρῶν
493 1497 675 1536 δυσμενέων,
700 1500 727 1528 εἰ
749 1499 798 1529 καὶ
822 1500 906 1536 μάλα
929 1499 1034 1528 πολλοὶ
1060 1501 1174 1540 ἑταῖροι

347 1550 422 1589 ἄγχι
446 1557 637 1593 παρασταῖεν
660 1553 710 1582 καὶ
735 1550 911 1587 τοξαζοίατο
935 1557 1052 1592 φωτῶν,

350 1599 411 1638 οἷος
435 1604 470 1642 δή
492 1616 530 1642 με
555 1607 748 1644 Φιλοκτήτης
771 1606 958 1635 ἀπεκαίνυτο
982 1603 1059 1646 τόξῳ

261 1657 324 1686 220
348 1656 433 1697 δήμῳ
457 1657 499 1687 ἔνι
527 1660 646 1699 Τρώων,
673 1659 721 1687 ὅτε
745 1656 938 1695 τοξαζοίμεθ’
966 1659 1097 1697 Ἀχαιοί·

136 1773 202 1804 202
223 1776 334 1805 τούτου
369 1776 389 1805 l.
423 1785 450 1805 a.
486 1777 520 1806 in
552 1777 657 1807 schol.
679 1777 735 1816 ('?)]
767 1782 884 1807 τοῦτον.
921 1775 933 1819 ΙΙ

93 1824 255 1870 ἐφικέσθε]
278 1830 431 1869 ἀφίκεσθε
460 1830 626 1868 plerique.

138 1880 204 1911 203
229 1881 345 1920 ἥσέμεν’
361 1889 398 1911 11⁰
414 1883 491 1921 125]
509 1885 588 1921 ἥσειν
604 1883 700 1913 codd.
725 1881 737 1924 ΙΙ
757 1884 940 1922 τοσσοῦτον]

94 1938 242 1964 τοσοῦτον
273 1935 475 1974 complures,
498 1936 576 1966 hinc
602 1938 633 1974 ἠὲ
657 1941 805 1966 τοσοῦτον
830 1937 943 1967 effecit

94 1987 251 2025 PKnight
280 1984 344 2028 (sic
368 1988 432 2025 1?);
463 1998 505 2018 an
530 1987 693 2027 *ἡσέμεναι
722 1989 737 2028 ἢ
760 1989 894 2019 τόσσονῖ
924 1987 937 2030 ΙΙ

94 2037 231 2082 μᾶσσον]
255 2047 292 2070 n⁰
321 2042 373 2071 86.

139 2091 206 2123 204
230 2090 331 2135 ὅτινα]
351 2094 435 2124 haec
456 2095 564 2125 forma
583 2105 648 2125 non
662 2096 755 2125 nisio
769 2096 832 2125 395
846 2095 944 2131 redit,

97 2145 193 2179 codd.
234 2146 389 2185 plerique
432 2150 534 2179 ὅντινα
577 2149 705 2179 habent
744 2148 944 2186 utrobique;

96 2205 253 2244 PKnighfi
286 2203 509 2244 probabiliter
544 2203 578 2232 ὅν
608 2213 647 2232 τε.
678 2200 690 2243 ΙΙ
729 2198 855 2243 κελεύει]
891 2201 945 2241 ql?

97 2259 140 2289 cf.
166 2271 182 2288 ο
209 2259 284 2289 395.

142 2310 222 2350 206]
248 2311 324 2341 coll.
348 2320 397 2340 vs.
423 2311 486 2341 230
513 2309 651 2339 damnat
672 2308 820 2339 Nitzsch.
842 2307 946 2337 Nobis

99 2364 286 2394 servandus
331 2363 466 2393 videtur
512 2364 673 2400 uterque3
717 2361 824 2390 iratus
866 2360 948 2389 dicit

98 2417 231 2448 Ulixes:
255 2415 351 2446 etiam
375 2414 403 2445 si
425 2414 471 2445 ad
489 2414 603 2455 pedum
629 2416 786 2445 certamen
810 2422 856 2443 me
869 2421 946 2452 pro-

101 2478 212 2500 vocare
245 2467 352 2506 vultis,
378 2478 439 2509 per
462 2477 509 2498 me
532 2467 624 2504 licet3
647 2476 726 2498 mox
751 2475 830 2496 vero
855 2465 949 2495 addit

100 2531 136 2553 se
181 2523 355 2552 eeleritate
397 2523 511 2552 tamen
553 2521 666 2551 minus
707 2529 796 2550 nunc
836 2518 948 2548 valere
980 2547 982 2559 k

101 2585 203 2615 quam
228 2577 337 2606 antea.

144 2627 208 2659 207
234 2624 476 2669 Λαοδάμαντος]
502 2627 576 2657 coll.
599 2636 648 2657 vs.
671 2628 732 2657 119
756 2627 827 2656 iure
849 2625 948 2654 mire-

100 2682 148 2712 ris
171 2690 238 2711 non
261 2681 363 2711 simul
387 2682 519 2711 ceteros
542 2680 673 2710 Alcinoi
697 2679 796 2715 filios,
818 2676 949 2707 Halium

102 2736 136 2764 et
174 2733 364 2772 Clytoneum,
395 2733 438 2763 ab
470 2733 566 2763 Ulixe
593 2732 704 2771 excipi
727 2733 846 2770 utpote
871 2739 951 2760 suos
982 2757 983 2771 ἶ

101 2787 264 2825 hospites.
289 2786 381 2816 Patri
405 2795 487 2824 prae
509 2786 632 2818 ceteris
657 2785 819 2815 dilectum
845 2783 950 2813 fuisse

101 2839 367 2870 Laodamantem
402 2835 435 2879 (η
468 2839 530 2868 170
564 2835 628 2879 sq.)
662 2840 696 2868 et
728 2837 770 2867 ab
802 2837 876 2875 ipso
909 2835 951 2864 ad
984 2871 986 2882 .

103 2894 275 2922 certamen
300 2892 521 2930 provocatum
545 2899 619 2921 esse
646 2890 778 2921 Ulixem
808 2887 848 2930 (9
875 2885 951 2929 145)
984 2887 985 2891 ’

103 2945 262 2975 observat
285 2943 435 2980 Nitzsch‚
460 2943 520 2973 sed
542 2943 627 2973 haec
651 2943 764 2973 minus
795 2942 837 2972 ad
862 2949 951 2976 rem;
984 2944 986 2960 '⁴

103 2997 182 3037 plus
205 2996 296 3026 valet
321 2996 411 3034 quod
442 2996 530 3026 inter
561 2994 691 3026 victores
714 2995 815 3026 modo
841 2995 953 3024 fuerat

103 3050 294 3081 Laodamas
326 3053 351 3079 θ
379 3049 452 3085 130,
486 3057 553 3078 non
577 3049 712 3078 fuerant
736 3049 868 3078 fratres.
895 3048 951 3076 At-

104 3105 218 3134 tamen
240 3111 316 3132 cum
337 3099 470 3142 quolibet
495 3110 512 3132 e
539 3101 753 3132 Phaeacibus
776 3109 843 3131 uno
867 3100 951 3130 Lao-

1009 1777 1167 1806 damante
1199 1777 1341 1814 excepto
1372 1775 1495 1805 luctari
1523 1784 1559 1805 se
1591 1775 1747 1813 paratum
1773 1773 1855 1803 dicit

1008 1830 1124 1861 Ulixes
1160 1832 1193 1859 et
1223 1838 1345 1868 parum
1376 1829 1480 1867 igitur
1512 1829 1668 1858 accurate
1696 1827 1855 1865 loquitur.

1010 1884 1171 1913 Potestne
1207 1882 1281 1911 fieri
1316 1883 1355 1911 ut
1385 1881 1486 1911 αὐτοῖ’
1522 1882 1688 1910 Ἀλκινόοιο
1725 1878 1856 1910 dederit

1010 1936 1132 1975 poeta?

1055 1987 1120 2019 208
1145 1986 1225 2018 *ὅδε
1249 1990 1294 2023 τίς
1314 1984 1379 2029 κεν]
1399 1987 1447 2017 ὅδ’
1472 1989 1543 2018 ἐστι’·
1564 1989 1608 2021 τίς
1627 1985 1672 2015 ἂν.
1695 1986 1744 2016 Cf.
1766 1986 1855 2020 §300

1012 2044 1045 2072 et
1068 2054 1078 2071 ι
1102 2042 1176 2071 366.

1055 2093 1121 2125 209
1145 2092 1262 2124 *πέλετ’
1290 2100 1327 2123 n0
1352 2092 1431 2131 275]
1457 2093 1547 2122 πέλει.

1057 2146 1123 2178 210
1146 2147 1336 2189 προφέρηται
1367 2142 1505 2187 ἀέθλων]
1536 2144 1706 2187 προφέρῃσι
1732 2148 1859 2184 βαρεῖαν

1013 2200 1132 2230 Iulian.
1161 2198 1230 2230 96b.

1057 2252 1123 2283 213
1147 2246 1280 2294 Ὲίὸμεν]
1312 2252 1509 2291 suspectum
1538 2259 1600 2289 pro
1623 2245 1772 2286 ,Ρίὸμεναι
1796 2245 1860 2289 (sic

979 2343 980 2346 Ἰ
1014 2303 1112 2347 HU),
1144 2306 1186 2335 cf.
1218 2312 1256 2335 n⁰
1283 2306 1355 2341 126,
1380 2313 1489 2342 neque
1512 2301 1632 2333 sciendi
1660 2302 1802 2331 verbum
1826 2301 1860 2330 in

1014 2359 1101 2388 hanc
1132 2358 1336 2388 sententiam
1369 2357 1522 2395 quadrat.
1554 2356 1766 2393 Quapropter
1790 2363 1860 2384 ma-

1015 2412 1129 2441 lumus
1153 2407 1311 2448 *ἆῑιὸέμειι

1060 2463 1125 2494 215
1160 2465 1391 2503 ἀμφαφάεσθαι
1421 2458 1481 2503 ΗῙ]
1510 2463 1646 2490 -άασθαι
1671 2459 1792 2496 ceteri3
1818 2459 1861 2489 cf.

1016 2523 1053 2546 n⁰
1080 2518 1153 2546 191.

1061 2567 1224 2607 216-228]
1251 2568 1423 2598 damnavit
1441 2566 1625 2602 Kirchhoff,
1645 2574 1693 2595 vs.
1717 2565 1862 2594 217-228

982 2609 983 2630 ³
1018 2622 1183 2660 PKnight,
1218 2631 1266 2651 vs.
1301 2621 1446 2650 218-228
1483 2619 1602 2654 Lehrs,
1636 2627 1684 2647 vs.
1718 2618 1863 2647 219-228

1018 2675 1281 2705 Ameis-Hentze
1302 2674 1384 2703 Fick
1397 2674 1456 2710 (vs.
1472 2672 1616 2702 212-233
1630 2672 1764 2707 Anton).
1788 2671 1864 2700 Cer-

1019 2730 1091 2758 tum
1124 2729 1176 2758 est
1208 2727 1249 2757 ab
1278 2727 1374 2757 Ulixe
1399 2725 1542 2765 proferri
1566 2725 1650 2754 haec
1675 2733 1740 2754 non
1765 2732 1863 2762 posse

1019 2781 1218 2819 priusquam
1237 2789 1359 2810 nomen
1379 2788 1479 2809 suum
1498 2779 1586 2808 inter
1603 2778 1775 2808 Phaeaces
1788 2785 1863 2815 pro-

1020 2834 1131 2864 fessus
1151 2833 1270 2868 fuerit;
1293 2835 1469 2871 praeterea
1489 2831 1577 2862 male
1598 2829 1862 2860 divellitur-sim-

1019 2887 1098 2925 plex
1133 2887 1167 2915 et
1197 2886 1392 2915 succinctus
1423 2885 1496 2914 eius
1528 2893 1639 2914 sermo
1666 2882 1778 2912 inutili
1802 2881 1864 2910 hac

1020 2938 1239 2977 digressione.
1275 2938 1433 2968 Dubitari
1463 2940 1576 2967 tamen
1608 2937 1721 2974 potest
1755 2935 1864 2964 sintne

1020 2992 1054 3020 hi
1086 3000 1204 3021 versus
1237 3000 1312 3021 sero
1344 2991 1460 3021 inserti
1491 3000 1532 3020 an
1557 2991 1630 3028 ipse
1654 2988 1865 3018 diasceuasta

1021 3053 1078 3074 eos
1111 3044 1181 3074 sive
1213 3044 1255 3074 de
1283 3053 1345 3074 suo
1369 3043 1532 3074 adiecerit
1556 3043 1626 3073 sive
1650 3040 1784 3071 aliunde
1809 3039 1864 3069 de-

1021 3096 1189 3127 sumserit.
