2068 3390
93 1129 154 1166 Ab
191 1128 324 1164 Iliadis
361 1125 601 1172 recensione,
641 1135 760 1171 quam
798 1126 890 1161 ante
928 1124 1129 1160 biennium
1169 1123 1425 1169 absolvimus,
1466 1122 1666 1169 Odysseae
1699 1121 1796 1159 haec

40 1199 156 1235 editio
191 1208 270 1234 non
300 1198 375 1234 nisi
403 1197 442 1233 in
473 1197 651 1232 minutiis
682 1196 918 1240 quibusdam
943 1195 1149 1239 discrepat,
1177 1204 1275 1239 quas
1298 1195 1337 1229 in
1362 1194 1604 1238 praefatione
1627 1194 1795 1229 indicare

39 1278 119 1304 non
156 1278 256 1314 opus
294 1268 367 1304 est.
407 1267 540 1303 Serius
579 1267 713 1302 autem
752 1276 871 1310 quam
887 1266 1213 1310 ⁵speraveramus
1253 1264 1327 1300 hoc
1363 1264 1550 1300 volumen
1589 1264 1795 1308 emittitur,

39 1339 151 1376 cuius
183 1338 239 1374 rei
268 1339 308 1373 et
336 1337 434 1373 aliae
462 1336 630 1372 extitere
659 1345 802 1372 causae
832 1336 871 1371 et
900 1335 1067 1371 schedas
1091 1335 1251 1370 nostras
1276 1334 1383 1379 typis
1407 1334 1572 1370 describi
1595 1333 1795 1369 noluimus

40 1408 269 1453 priusquam
298 1408 336 1443 in
365 1408 524 1443 nostros
551 1416 651 1442 usus
681 1415 914 1442 conversam
942 1405 1181 1441 haberemus
1212 1404 1433 1449 Odysseam
1460 1403 1688 1440 Ludvvichii.

94 1478 397 1515 Observationes
433 1477 658 1521 exegeticas
696 1475 896 1520 aliquanto
934 1474 1068 1519 plures
1100 1484 1219 1519 quam
1247 1474 1287 1509 in
1316 1474 1437 1510 Iliade
1465 1475 1602 1509 nostra
1631 1473 1797 1518 reperiet

39 1548 183 1594 lector;
215 1557 265 1584 ne
288 1557 380 1583 vero
404 1547 548 1582 nimiae
574 1545 690 1582 molis
707 1546 762 1581 sic
784 1545 881 1581 liber
905 1545 1099 1589 evaderet,
1124 1544 1164 1579 in
1189 1554 1308 1588 quam
1334 1544 1543 1580 minimum
1567 1544 1796 1588 poteramus

42 1618 215 1664 spatium
246 1617 517 1654 contraximus
545 1615 705 1652 notulas
734 1615 887 1651 criticas
904 1613 944 1657 1).

94 1827 253 1864 Codices
279 1826 498 1872 Odysseam
524 1826 757 1862 exhibentes
782 1825 1042 1870 quadraginta
1067 1834 1139 1860 sex
1160 1825 1368 1860 enumerat
1385 1823 1562 1860 JACOBUS
1580 1823 1639 1858 LA
1658 1823 1795 1858 ROCHE

39 1899 80 1934 in
117 1897 214 1933 libro
257 1898 315 1933 dte
356 1897 595 1933 Homerische
637 1895 843 1932 Textkritek
879 1896 932 1930 im
971 1894 1198 1939 Alterthum,
1240 1895 1353 1939 1866,
1390 1904 1426 1938 p.
1466 1893 1696 1937 474—487;
1726 1893 1795 1927 sed

40 1968 174 2013 plures
218 1969 355 2004 extare
397 1967 515 2013 addit,
559 1967 624 2011 qui
661 1968 757 2011 quot
795 1965 1011 2010 qualesque
1049 1965 1131 2000 sint
1159 1965 1257 2000 satis
1286 1964 1468 2000 accurate
1497 1963 1586 1998 sciri
1614 1963 1794 2007 nequeat.

39 2037 202 2074 Illorum
219 2039 354 2074 autem
373 2037 747 2082 manuscriptorum,
777 2045 877 2080 quae
901 2035 952 2071 ibi
976 2045 998 2071 a
1021 2035 1224 2071 LaRochio
1249 2034 1558 2071 commemorata
1591 2033 1698 2078 sunt,
1726 2033 1793 2067 vix

38 2108 156 2144 tertia
196 2118 288 2153 pars
330 2109 426 2143 tunc
466 2107 657 2151 temporis
697 2108 780 2142 erat
817 2106 1033 2151 explorata,
1071 2106 1112 2141 in
1150 2105 1212 2140 his
1250 2104 1525 2140 recentissima
1553 2102 1794 2147 exemplaria

39 2178 260 2223 complura;
301 2177 470 2222 neglecti
511 2186 603 2212 vero
645 2176 684 2211 in
723 2176 967 2212 bibliothecis
1004 2176 1185 2211 iacebant
1221 2175 1404 2210 meliores
1445 2173 1594 2217 aliquot
1630 2172 1714 2208 libri
1754 2173 1793 2208 et

40 2248 290 2284 vetustiores.
332 2247 550 2283 Videantur
582 2246 698 2282 modo
727 2256 826 2291 quae
854 2246 879 2281 l.
908 2246 933 2281 1.
963 2256 998 2291 p.
1030 2246 1105 2281 485
1136 2245 1270 2281 scribit
1299 2245 1346 2280 de
1374 2244 1502 2280 codice
1529 2243 1792 2278 Laurentiano

41 2319 138 2363 plut.
181 2318 353 2364 XXXII,
397 2316 512 2359 242):
559 2317 703 2362 „codex
742 2317 905 2352 membr.
945 2316 985 2351 in
1024 2315 1078 2361 8⁰,
1117 2325 1218 2351 saec.
1255 2314 1305 2360 X,
1345 2313 1500 2350 enthalt
1528 2312 1598 2348 auf
1629 2313 1702 2347 234
1733 2312 1790 2347 Bl.

46 2387 246 2434 „Odyssee
286 2400 402 2423 α-ω
430 2380 621 2422 103'mit
662 2385 842 2422 Glossen.
883 2384 965 2421 Auf
1001 2385 1068 2420 der
1109 2383 1321 2420 Kehrseite
1357 2392 1434 2417 von
1471 2380 1528 2416 Bl.
1571 2381 1644 2415 185
1683 2380 1792 2415 steht

48 2453 194 2504 ηκύριε,
235 2454 385 2505 βοηθεῖ
416 2459 467 2507 τῷ
511 2459 565 2507 σῷ
597 2452 725 2508 δούλῳ
759 2451 907 2506 ἰωάννῃ
941 2448 1153 2505 ἁμαρτωλῷ
1185 2456 1236 2504 τῷ
1267 2447 1471 2486 πταίσαντι
1502 2449 1658 2484 πλεῖστα
1691 2444 1791 2483 κακὰ

48 2520 126 2571 „sig
166 2519 233 2559 τὸν
276 2519 423 2571 κόσμον
464 2518 530 2558 καὶ
571 2518 739 2558 ἐνώπιόν
782 2530 867 2569 σου,
908 2519 1016 2570 κύριε
1049 2518 1307 2569 φιλάνθρωπε
1338 2513 1398 2554 υἱὲ
1430 2520 1497 2553 τοῦ
1531 2518 1630 2552 θεοῦ
1651 2543 1789 2551 ......

46 2593 197 2639 „Wenn
235 2593 295 2628 die
331 2592 496 2635 Angabe
532 2592 601 2627 des
639 2591 773 2627 Alters
812 2591 940 2626 dieses
977 2590 1108 2626 Codex
1137 2589 1278 2632 richtig
1305 2587 1359 2622 ist
1389 2586 1566 2629 (Bandini
1596 2585 1649 2620 ist
1678 2586 1791 2619 sonst

46 2662 216 2709 „iiberall
256 2661 525 2707 zuverlassig),
567 2671 611 2696 so
653 2661 832 2696 verdient
873 2659 1051 2698 derselbe
1093 2659 1216 2695 schon
1256 2656 1419 2693 deshalb
1462 2656 1547 2691 eine
1589 2654 1790 2699 Collation‚

47 2732 159 2778 „weil
201 2741 243 2768 er
284 2732 350 2767 der
390 2731 663 2767 nachvveisbar
704 2729 848 2766 alteste
889 2739 959 2765 zur
998 2728 1174 2774 Odyssee
1212 2727 1303 2763 ist.'’
1341 2745 1392 2750 —
1432 2724 1618 2768 Sequenti
1654 2724 1790 2758 tamen

43 2811 145 2837 anno
186 2801 415 2837 LaRochius
456 2801 503 2836 ad
547 2800 665 2836 fidem
702 2800 890 2844 codicum,
931 2809 1099 2843 quorum
1137 2798 1271 2833 nullus
1305 2796 1421 2832 tertio
1455 2794 1604 2829 decimo
1634 2792 1789 2828 saeculo

89 2973 113 3017 ¹)
137 2976 191 3005 Sic
227 2975 492 3005 correctionibus
529 2974 743 3013 quibusdam,
775 2983 862 3012 quae
893 2974 1018 3012 passim
1051 2974 1242 3008 occurrunt,
1279 2981 1307 3001 e.
1332 2980 1362 3009 g.
1388 2981 1461 2999 -οισι
1490 2962 1623 2998 feneam
1648 2975 1709 3005 pro
1733 2977 1790 2999 -οις

43 3029 172 3063 ἐπέεσσι,
204 3027 295 3065 -ἑμεν’
329 3037 390 3066 pro
415 3040 480 3063 -ειν,
512 3036 578 3057 non
603 3027 846 3065 adscripsimus
870 3026 1005 3056 nomina
1029 3027 1222 3056 criticorum
1248 3025 1305 3062 qui
1332 3023 1474 3061 singulis
1502 3022 1584 3050 locis
1609 3028 1665 3049 eas
1689 3018 1788 3057 primi

43 3081 310 3120 proposuissent,
333 3080 392 3110 sed
415 3081 498 3110 satis
520 3080 703 3110 habuimus
727 3079 866 3110 addere:
893 3079 980 3114 „vid.
1005 3086 1042 3108 n0
1058 3102 1064 3107 .
1078 3101 1085 3107 .
1101 3079 1130 3107 .''

88 3131 114 3175 ²)
140 3134 262 3164 Codice
287 3134 316 3164 G
339 3133 536 3171 Ludwichji,
560 3133 627 3163 vid.
651 3133 750 3163 infra.
