2035 3406
120 185 202 227 172

884 192 1104 236 —3„

1285 203 1468 241 [Ὀδυσσέως
1479 208 1626 242 σύστασις
1637 208 1713 250 πρὸς
1726 211 1872 245 Φαίακας

137 340 233 377 VIII

322 339 445 394 αὐτὰρ
477 339 498 381 ὃ
530 344 732 397 φορμίζων
764 344 994 397 ἀνεβάλλετο
1026 346 1147 387 καλὸν
1178 347 1323 387 ἀείδειν

1547 361 1609 391 266
1635 361 1677 391 cf.
1701 373 1721 390 α
1747 361 1808 392 155

262 412 357 466 ἀμφ’
383 414 519 470 ’Ἀρεος
551 420 757 472 φιλότητος
791 420 1035 472 ἐυστεφάνου
1066 420 1093 462 τ’
1128 424 1370 477 Ἀφροδίτης,

262 488 314 538 ὡς
345 490 392 530 τὰ
421 491 536 547 πρῶτ’
571 494 760 549 ε’μίγησαν
793 496 834 536 ἐν
860 494 1093 548 (Ηφαίστοιο
1128 500 1282 551 δόμοισι

260 566 402 623 λάθρῃ·
434 570 559 610 πολλὰ
590 569 628 611 δ’
663 572 796 624 ἔδωκε,
826 572 933 626 λέχος
966 571 1003 614 δ’
1039 575 1183 632 ᾔσχυνε
1213 575 1279 615 καὶ
1311 575 1433 627 εὐνὴν

150 649 213 683 270
253 639 486 694 τΗφαίστοιο
517 647 727 696 Ἐάνακτος.
762 648 871 703 ἄφαρ
904 649 947 690 δέ
977 653 1046 691 foc
1079 651 1238 705 ἄγγελος
1270 646 1370 704 ἦλθε

257 715 420 772 Ἠέλιος,
449 723 625 775 φιλότητι
657 724 900 777 μιγαζομένω
934 738 1008 777 σφε
1039 728 1197 780 νοήσας.

249 792 469 846 ’Ἠφαιστος
502 796 538 838 δ’
575 798 626 847 ὡς
660 795 733 839 οὖν
765 801 972 855 θυμαλγέα
1003 807 1139 855 μῦθον
1171 803 1328 855 ἄκουσε,

258 867 325 923 ’βῆ
356 870 392 925 ῥ’
429 872 524 925 ἴμεν’
556 874 593 923 ἐς
624 880 824 928 χαλκεῶνα
855 877 957 917 κακὰ
990 878 1104 932 φρεσὶ
1135 881 1454 932 βυσσοδομεύων·

259 945 300 985 ἐν
327 946 363 988 δ’
394 947 491 989 ἔθετ’
520 950 726 1009 ἀκμοθέτῳ
754 952 875 1007 μέγαν
902 953 1070 1007 ἄκμονα,
1093 953 1225 996 ’κόπτε
1254 955 1295 996 δὲ
1313 957 1480 1009 δεσμοὺς

146 1030 208 1064 275
255 1022 473 1077 ἀρρήκτους
505 1026 685 1080 ἀλύτους,
717 1027 800 1083 ὄφρ’
838 1030 1006 1082 ἔμπεδον
1038 1026 1139 1072 αὖθι
1170 1031 1335 1084 μένοιεν.

1543 971 1606 1000 274
1631 971 1674 1000 cf.
1698 974 1726 1000 Σ
1746 972 1810 1001 476

1544 1013 1625 1045 274¹»
1648 1030 1691 1042 =
1714 1019 1741 1045 Σ
1762 1017 1824 1046 379

1544 1060 1607 1090 275
1633 1075 1676 1088 z
1702 1064 1733 1090 N
1755 1061 1796 1091 37

258 1100 382 1154 αὐτὰρ
415 1102 496 1142 ἐπεὶ
528 1103 576 1155 δὴ
609 1104 734 1154 ἔτευξε
766 1107 883 1146 δόλον
913 1107 1175 1160 κεχολωμένος
1197 1108 1315 1163 Ἄρει,

250 1172 317 1228 ’βῆ
349 1174 386 1230 ῥ’
421 1176 514 1229 ἴμεν’
552 1179 589 1227 ἐς
620 1180 818 1233 θάλαμον,
850 1182 918 1222 ὅθι
948 1184 1018 1223 foa
1050 1184 1146 1234 φίλα
1179 1182 1298 1236 δέμνι’
1335 1184 1468 1237 ἔκειτο,

255 1251 358 1304 ἀμφὶ
389 1251 425 1293 δ’
461 1252 517 1308 ἄρ’
553 1255 703 1309 ἑρμῖσιν
730 1254 804 1310 ’χέε
837 1257 1007 1310 δέσματα
1036 1261 1166 1317 κύκλῳ
1199 1259 1364 1316 ἁπάντῃ·

255 1329 378 1369 πολλὰ
411 1329 452 1370 δὲ
483 1330 549 1371 καὶ
580 1334 814 1386 καθύπερθε
847 1335 1101 1388 μελαθρόφιν
1133 1335 1366 1389 ἐξεκέχυντο,

266 1404 276 1419 9
297 1406 306 1419 Ι
328 1403 337 1418 7
384 1405 393 1420 9
439 1407 448 1420 l
674 1408 682 1423 Ἰ
769 1411 779 1423 Ι
830 1408 840 1423 7
907 1411 925 1425 91
992 1411 1000 1424 Ι
1155 1413 1164 1427 7
1202 1411 1210 1425 ἲ
1285 1413 1295 1427 Ι

144 1412 207 1444 280
255 1422 329 1457 ηυτ
373 1423 539 1459 αραχνια
572 1412 703 1461 λεπτα,
734 1426 780 1449 τα
811 1428 834 1464 γ
877 1427 925 1451 ου
957 1427 999 1451 κε
1031 1428 1087 1460 τις
1122 1414 1215 1452 ουδε
1246 1414 1399 1452 ,Ριδοιτο

253 1480 347 1521 οὐδὲ
378 1487 487 1523 θεῶν
520 1486 717 1537 μακάρων·
750 1486 838 1539 περὶ
868 1487 941 1541 γὰρ
974 1486 1140 1528 δολόεντ’
1177 1488 1358 1528 ἐτέτυκτο.

1542 1502 1624 1531 2812
1648 1516 1690 1528 =
1715 1514 1725 1531 ι
1751 1480 1812 1532 276

254 1558 377 1611 αὐτὰρ
409 1559 491 1599 ἐπεὶ
524 1560 572 1612 δὴ
605 1562 733 1601 πάντα
767 1563 884 1603 δόλον
915 1563 1003 1617 περὶ
1036 1562 1154 1616 δέμνι’
1191 1565 1308 1617 ἔχευε,

250 1630 411 1675 ’.Ρείσαί
447 1636 535 1687 ἴμεν
567 1636 605 1685 ἐς
637 1641 821 1691 Λῆμνον,
853 1638 896 1679 ἐὺ
930 1640 1113 1692 κτίμενον
1145 1641 1393 1693 πτολίεθρον,

148 1799 214 1831 266
248 1802 339 1840 sqq]
375 1804 548 1834 veteribus
584 1805 798 1844 philosophis
830 1803 953 1846 (Xeno-

104 1853 218 1891 phani,
240 1854 373 1885 Platoni
393 1857 475 1895 Rep.
499 1857 551 1886 III
571 1855 667 1899 3900)
692 1858 746 1887 vix
768 1859 953 1897 quidquam

104 1907 240 1943 gravius
275 1908 478 1946 displicebat
510 1910 543 1939 in
576 1912 646 1940 toto
677 1912 824 1941 Homero
852 1922 953 1950 quam

104 1959 187 1989 haec
226 1962 478 1992 narratiuncula
518 1963 559 1993 de
602 1965 742 1994 Veneris
768 1966 954 2003 Martisque

104 2013 286 2044 amoribus.
307 2015 446 2045 Frustra
467 2016 650 2046 defendere
668 2019 808 2047 conatur
820 2019 953 2048 Heracl.

103 2065 249 2103 Allegor.
285 2076 359 2106 cap.
391 2070 450 2104 69;
483 2078 560 2099 nam
593 2071 709 2108 negari
738 2080 803 2100 non
831 2073 954 2109 potest,

104 2121 216 2149 iocum
260 2120 448 2159 ludumque
490 2123 563 2152 fieri
599 2123 680 2153 deos
719 2125 753 2153 et
784 2124 890 2153 veluti
921 2125 954 2153 in

104 2182 205 2203 scena
237 2174 365 2203 comica
397 2175 539 2204 traduci.
571 2176 691 2205 Fuisse
717 2176 775 2214 qui
800 2178 953 2215 spurium

102 2226 292 2256 iudicarent
321 2228 430 2256 totum
468 2227 581 2257 locum
617 2226 680 2269 (vs.
718 2230 863 2259 266-369
898 2232 955 2260 aut

102 2276 275 2320 267-366)‚
310 2279 363 2309 his
398 2282 511 2310 autem
543 2281 742 2311 oblocutum
775 2291 849 2312 esse
873 2283 952 2321 Api-

100 2340 210 2368 onem,
234 2332 381 2361 refertur
405 2333 439 2361 in
466 2333 570 2363 schol.
591 2334 761 2372 Aristoph.
783 2336 860 2364 Pac.
880 2337 953 2366 778.

101 2385 258 2414 Fortasse
285 2385 458 2415 damnavit
483 2386 583 2416 etiam
608 2388 837 2425 Aristarchus,
864 2390 954 2418 certe

106 2438 136 2467 ei
178 2438 357 2468 tribuenda
398 2441 449 2468 est
484 2440 675 2470 observatio
712 2441 822 2471 bonae
846 2442 956 2480 frugis

107 2490 149 2519 ad
180 2500 227 2521 vs.
261 2492 323 2521 267
356 2489 459 2532 (quae
491 2493 579 2522 inter
604 2494 731 2523 multas
764 2503 872 2532 nugas
907 2495 954 2524 le-

106 2539 222 2584 gitur),
252 2553 319 2573 non
359 2543 504 2575 Venerem
533 2546 594 2575 sed
627 2545 785 2576 (.½tz7·item
814 2547 956 2576 Vulcani
990 2554 991 2569 ¹

106 2604 243 2625 uxorem
268 2596 336 2626 dici
359 2601 387 2626 Σ
409 2599 471 2627 382
497 2595 594 2639 (item
616 2600 694 2629 Hes.
721 2600 847 2638 Theog.
868 2601 954 2637 945).

105 2648 283 2678 Kirchhoff
296 2650 450 2680 concedit
471 2651 544 2680 fieri
563 2660 664 2689 posse
684 2654 723 2681 ut
741 2652 956 2682 diasceuasta

106 2710 146 2730 ex
183 2702 321 2739 antiquo
357 2703 448 2732 fonte
484 2704 571 2733 hanc
599 2704 749 2734 fabulam
780 2714 847 2734 una
878 2715 954 2735 cum

106 2755 176 2782 toto
214 2754 300 2783 libro
337 2755 481 2792 duxerit,
505 2756 587 2786 Fick
610 2766 690 2786 vero
715 2758 757 2786 ab
780 2758 855 2796 ipso
885 2759 954 2787 dia-

106 2808 262 2836 sceuasta
303 2807 474 2837 inventam
516 2818 590 2838 esse
627 2810 830 2848 suspicatur.
868 2811 956 2840 Satis
989 2843 991 2855 A

106 2859 266 2896 antiquus
293 2860 391 2889 nobis
416 2861 550 2890 videtur
574 2862 680 2898 locus,
705 2862 786 2892 licet
809 2863 888 2892 hinc
913 2864 956 2893 sit

105 2911 251 2947 alienus;
283 2921 359 2941 nam
390 2915 521 2942 certum
555 2914 711 2944 ducimus
741 2916 774 2944 in
805 2916 956 2946 fontibus

105 2964 353 3001 antiquioribus
386 2965 639 3001 „Demodocum
673 2968 706 2996 in
743 2970 955 3005 gymnasium

106 3017 311 3053 „adductum
334 3027 409 3047 esse
434 3028 500 3048 non
526 3021 564 3048 ut
589 3022 740 3050 cantaret
763 3022 823 3050 sed
848 3024 886 3051 ut
911 3022 956 3051 ci-

106 3070 258 3105 „tharam
282 3070 486 3100 saltantibus
516 3072 690 3110 pulsaret”
706 3074 900 3113 (PKnight).
916 3091 955 3094 —

106 3123 145 3152 In
167 3122 288 3153 throno
308 3123 490 3162 Amyclaeo
512 3124 651 3155 chorum
665 3125 858 3156 Phaeacum
880 3135 957 3157 cum
990 3151 993 3165 ,

1021 1807 1215 1837 Demodoco
1228 1808 1522 1845 repraesentatum
1537 1808 1642 1837 fuisse
1656 1809 1770 1837 narrat
1782 1809 1869 1838 Pau-

1022 1860 1134 1889 sanias
1158 1860 1209 1889 III
1235 1861 1286 1897 18,
1314 1861 1342 1889 7.

1066 1912 1131 1943 266
1154 1909 1351 1954 ἀνεβάλλετο]
1379 1913 1444 1942 vid.
1468 1913 1510 1942 ad
1535 1925 1554 1942 α
1580 1914 1652 1943 155.

1066 1964 1130 1996 267
1166 1962 1340 2007 φιλότητος]
1378 1966 1419 1995 de
1454 1966 1602 2004 genitivo
1638 1967 1680 1996 cf.
1717 1973 1754 1995 n⁰
1790 1967 1869 2002 3163

1023 2019 1113 2056 apud
1137 2019 1325 2048 Nauckium
1350 2019 1497 2058 φιλότητα
1525 2019 1734 2058 proponitur.

1066 2070 1129 2101 271
1154 2070 1303 2106 *Ἠε’λιος,
1321 2071 1457 2111 φιλότητι
1470 2072 1660 2109 μιγαζομένω
1674 2083 1731 2111 σφε
1744 2072 1868 2110 νοήσας]

1015 2124 1131 2159 ἽΙλιος,
1154 2125 1170 2153 ὅ
1187 2124 1236 2164 σφ’
1262 2125 1364 2162 ἐνόησε
1381 2124 1599 2162 μιγαζομένους
1611 2126 1749 2164 φιλότητι
1763 2125 1871 2161 codd„

1023 2178 1113 2215 quod
1148 2179 1288 2216 propter
1320 2186 1444 2207 nomen
1467 2177 1583 2212 ”Ηλιος,
1612 2178 1676 2207 hoc
1702 2186 1770 2207 uno
1797 2178 1870 2207 loco

1022 2231 1159 2260 obvium
1182 2239 1244 2268 pro
1260 2230 1379 2264 Ἠέλιος
1402 2230 1458 2266 (cf.
1472 2238 1520 2260 vs.
1542 2226 1632 2271 302),
1649 2230 1729 2259 ferri
1742 2230 1869 2268 nequit.

1022 2284 1157 2313 IHVoss
1186 2283 1305 2317 Ἠέλιος
1335 2281 1350 2312 ὃ
1382 2284 1487 2321 νόησε;
1524 2282 1634 2312 dualis
1667 2284 1781 2312 tamen
1813 2293 1870 2322 σφε

1023 2345 1088 2365 non
1113 2336 1202 2373 sapit
1222 2335 1511 2373 interpolatorem.
1524 2353 1563 2356 —-
1578 2336 1727 2365 Verbum
1746 2337 1869 2374 μιγάζο-

989 2391 991 2415 1
1021 2402 1075 2427 μαι
1101 2389 1135 2418 in
1158 2389 1256 2418 Hom.
1281 2396 1347 2417 non
1372 2388 1472 2418 redit.

1066 2441 1131 2472 273
1163 2441 1338 2480 χαλκεῶνα]
1364 2450 1424 2479 pro
1454 2444 1626 2479 χαλκειῶνα
1661 2443 1870 2480 suspectum,

1024 2496 1064 2524 Cf.
1092 2502 1129 2524 110
1163 2496 1180 2525 8
1206 2497 1239 2525 et
1263 2496 1314 2525 61.
1347 2494 1480 2531 Ecquid
1497 2494 1551 2534 ’βῆ
1574 2495 1598 2534 ῥ’
1624 2497 1651 2529 ἐς
1677 2496 1869 2533 χαλκειῶναῖ

1023 2548 1094 2577 Vox
1119 2557 1184 2577 non
1209 2548 1297 2577 redit
1320 2547 1354 2576 in
1382 2548 1479 2576 Hom.

1067 2599 1132 2630 276
1157 2599 1289 2638 *ἔτευξε]
1322 2598 1412 2633 τεῦξε.
1444 2597 1455 2639 ΙΙ
1480 2599 1584 2641 ’Ἀρει]
1616 2601 1786 2630 novicium
1809 2610 1870 2639 pro

1017 2652 1108 2693 ’Ἄρηι
1133 2653 1187 2682 vel
1205 2653 1300 2694 ''Apszg
1333 2653 1374 2682 cf.
1400 2655 1426 2681 E
1451 2653 1512 2682 757
1538 2654 1572 2681 et
1596 2660 1633 2681 n⁰
1661 2654 1720 2688 73;
1752 2662 1870 2683 verum

1023 2706 1157 2735 videtur
1177 2704 1405 2744 *κεχολωμένος
1420 2702 1490 2745 ἦτορ
1505 2722 1545 2725 -
1560 2714 1626 2734 non
1643 2705 1752 2735 solum
1767 2704 1871 2735 Marti

1023 2758 1083 2788 sed
1109 2759 1281 2796 aliquanto
1311 2758 1413 2788 etiam
1437 2758 1574 2795 gravius
1599 2757 1700 2787 mori.

1066 2809 1130 2841 277
1155 2811 1246 2848 δέμνι’
1274 2811 1384 2849 ἔκειτο]
1411 2811 1518 2848 δέμνια
1543 2823 1568 2840 κ.
1595 2811 1760 2849 plerique.

1066 2862 1131 2893 278
1156 2863 1287 2903 ἑρμῖσιν]
1310 2862 1438 2902 pedibus
1463 2861 1552 2898 lecti3
1579 2863 1659 2893 item
1682 2871 1709 2902 ψ
1731 2864 1804 2894 198.
1820 2864 1868 2893 Cf.

1023 2917 1141 2952 θεσμός
1165 2923 1192 2953 ψ
1219 2917 1292 2945 296.

1067 2967 1132 2998 280
1156 2968 1179 3005 γ’
1207 2965 1255 3009 Μ]
1282 2968 1305 2997 τ’
1334 2969 1383 3004 W,
1409 2968 1432 2998 κ’
1460 2969 1624 3006 plerique.

1066 3020 1129 3051 281
1155 3021 1284 3050 dordm‘
1312 3017 1466 3062 ἐτέτυκτο]
1492 3031 1562 3051 -ντα
1586 3022 1644 3051 τέτ.
1678 3022 1773 3051 codd.

1066 3072 1132 3103 282
1156 3073 1247 3110 δέμνι’
1277 3071 1378 3112 ἔχευε]
1404 3073 1511 3110 δέμνια
1534 3086 1566 3112 χ.
1589 3074 1685 3104 codd.

1068 3125 1132 3157 283
1158 3122 1295 3157 ’feram‘
1333 3122 1413 3168 ἴμεν]
1445 3125 1588 3166 finqit
1625 3125 1686 3157 iter
1723 3125 1870 3157 Lemnum
