2035 3406
957 175 1026 199 XIV

109 300 163 335 cis
202 300 251 335 W
287 300 505 345 descripsit,
537 300 639 336 foliis
667 301 743 336 219
772 301 933 337 exhibet
963 301 1183 346 Odysseam
1213 301 1299 336 sine
1323 299 1495 336 scholiis.
1521 299 1727 344 Specimen
1754 301 1867 336 extat

108 370 146 403 in
175 369 368 405 LaRochii
397 369 532 405 tabula
560 369 631 405 XI.

161 439 258 474 Cum
300 439 495 474 codicibus
539 439 624 475 XD
665 440 802 475 multis
840 440 936 476 locis
979 440 1078 476 mire
1120 438 1345 483 concinit¹).
1390 440 1449 475 Ex
1491 439 1720 486 exemplari,
1763 441 1866 484 quod

107 519 196 544 cum
235 509 363 544 codice
401 519 425 553 q
453 511 539 545 arta
567 510 861 554 propinquitate
891 510 1074 546 iunctum
1105 510 1225 554 esset,
1255 510 1477 546 correctum
1510 519 1600 545 esse
1629 510 1800 546 codicem
1830 510 1865 545 U

107 579 396 615 demonstravit
421 579 652 616 Lassochius
677 580 826 624 proleg.
857 590 893 624 p.
924 579 1025 615 XXI
1055 589 1137 624 sqq.

157 815 230 850 His
270 816 391 859 igitur
434 816 620 851 subsidiis
663 815 806 851 crIticis
849 815 965 850 hodie
1002 815 1092 850 licet
1132 815 1191 850 uti
1227 814 1449 859 Odysseam
1483 815 1791 859 perlegentibus.
1826 816 1866 851 Si

105 885 192 929 quis
235 888 370 921 autem
408 887 642 921 varietatem
678 885 859 921 lectionis
896 885 936 920 in
976 884 1193 920 Ludwichii
1234 885 1403 920 editione
1433 886 1637 921 enotatam
1667 886 1867 931 componit

106 966 196 991 cum
233 956 465 992 lectionibus
499 956 654 991 aliunde
683 955 864 1000 cognitis,
894 955 1057 999 apparet
1087 964 1214 999 pauca
1242 954 1456 990 admodum
1487 965 1507 991 e
1537 956 1732 992 codicibus
1762 966 1868 993 nunc

104 1027 277 1071 primum
320 1026 471 1062 collatis
510 1026 702 1070 prodiisse
745 1035 846 1070 quae
889 1026 928 1061 et
961 1034 1064 1060 nova
1104 1025 1186 1060 sint
1215 1026 1254 1060 et
1282 1026 1396 1060 bona.
1427 1025 1621 1061 Attamen
1649 1035 1866 1071 permagna

103 1097 208 1132 illius
248 1097 488 1133 recensionis
522 1097 584 1132 est
612 1095 776 1140 utilitas,
807 1095 993 1139 quoniam
1022 1094 1161 1140 multa,
1193 1103 1293 1138 quae
1321 1093 1480 1130 lectioni
1508 1095 1693 1139 vulgatae
1719 1096 1866 1141 praefe-

104 1168 225 1202 renda
246 1177 335 1203 esse
355 1167 564 1203 senserant
588 1166 720 1211 crItici,
746 1175 852 1201 nunc
875 1164 1105 1200 testimonio
1132 1163 1422 1208 exemplarium
1438 1165 1580 1200 ceteris
1599 1166 1866 1210 antiquiorum

107 1237 391 1273 confirmantur
416 1236 456 1281 2).

151 1445 176 1489 l)
201 1449 239 1478 E.
263 1458 294 1487 g.
320 1463 332 1478 ε
357 1450 432 1485 378,
456 1450 531 1485 409,
556 1452 581 1479 θ
608 1449 648 1478 55
674 1458 735 1486 sq.,
758 1461 768 1478 ι
793 1448 844 1484 73,
870 1448 922 1484 89,
949 1448 1023 1483 346,
1050 1447 1125 1483 417,
1149 1447 1224 1483 448,
1251 1457 1268 1476 κ
1293 1445 1368 1481 223,
1393 1444 1468 1482 225,
1494 1446 1569 1483 254,
1591 1457 1613 1484 μ
1643 1446 1703 1476 111
1731 1447 1792 1476 etc.
1813 1451 1817 1455 ⁴

149 1500 174 1538 2)
199 1502 252 1531 Sic
277 1503 311 1531 in
334 1502 352 1532 δ
377 1503 439 1533 672
465 1503 630 1532 hactenus
655 1501 755 1531 lectio
779 1501 903 1530 tradita
928 1509 1003 1530 esse
1029 1499 1248 1530 credebatur:

571 1557 608 1589 ὡς
632 1553 670 1584 ἂν
694 1556 901 1595 ἐπισμυγερῶς
930 1556 1116 1583 ναυτίλλεται
1141 1553 1238 1582 εἵνεκα
1262 1553 1386 1595 πατρός,

103 1608 182 1637 vitio
211 1610 340 1646 aperto,
365 1609 428 1638 nisi
453 1608 528 1646 quis
551 1609 649 1646 putet
673 1607 874 1645 particulam
899 1606 936 1635 ἄν
961 1606 1036 1643 (κεν)
1060 1606 1242 1635 indicativo
1267 1607 1457 1644 praesentis
1482 1606 1619 1644 adiungi
1644 1614 1755 1645 posse.
1781 1605 1866 1635 Sub-

102 1661 289 1691 iunctivum
325 1663 438 1691 autem
475 1662 568 1691 nullo
603 1662 740 1699 negotio
773 1669 873 1698 posse
906 1659 1040 1689 restitui
1072 1659 1217 1688 alterum
1240 1662 1255 1688 λ
1284 1659 1439 1696 delendo,
1468 1660 1614 1698 probum
1639 1659 1729 1689 enim
1753 1658 1869 1688 aoristi

101 1714 354 1744 subiunctivum
391 1724 464 1744 esse
499 1717 678 1749 ναστίλεται,
713 1713 906 1743 observavit
938 1713 1055 1742 PAECH
1085 1721 1116 1742 v.
1142 1712 1172 1741 d.
1196 1712 1287 1750 apud
1319 1713 1472 1742 Curtium
1506 1713 1540 1742 in
1571 1713 1658 1742 libro
1687 1712 1728 1741 de
1757 1712 1867 1742 Verbo

101 1768 229 1797 Graeco
256 1766 305 1797 112
328 1777 359 1806 p.
387 1769 438 1797 88.
464 1768 559 1798 Nunc
583 1768 712 1806 inspice
737 1766 925 1797 Ludwichii
949 1766 1153 1803 Odysseam3
1179 1765 1379 1795 adnotatum
1400 1766 1569 1804 reperies:
1597 1768 1790 1802 „mutuarat
1808 1764 1866 1794 ΕΡ

144 1821 183 1849 In
219 1821 236 1850 ὁ·
273 1822 333 1850 755
369 1821 493 1859 legitur
527 1821 749 1862 Ἀρκεισιάδαο,
782 1820 872 1858 quod
908 1819 1191 1858 patronymicum,
1228 1819 1330 1848 etiam
1367 1831 1389 1847 ω
1423 1820 1485 1849 270
1519 1821 1554 1849 et
1584 1819 1645 1848 517
1673 1818 1822 1854 obvium,
1846 1827 1865 1847 a

100 1874 234 1903 nomine
271 1876 437 1915 Ἀρκείσιος
473 1874 500 1911 [ξ
538 1875 598 1904 182
635 1884 657 1903 n
695 1875 770 1911 118)
806 1873 947 1902 ductum
977 1876 1037 1902 est.
1068 1872 1311 1913 ,,Ὰρκεσσιάδαο
1338 1873 1386 1908 Q'’
1414 1872 1465 1910 [q]
1493 1873 1632 1901 annotat
1655 1871 1866 1907 LaRochius,

99 1927 201 1965 idque
242 1937 359 1957 verum
404 1937 478 1958 esse
522 1928 607 1957 vidit
650 1928 731 1957 Fick
774 1924 907 1968 (Odyss.
940 1935 972 1964 p.
1009 1923 1103 1966 190);
1137 1935 1259 1964 nempe
1296 1927 1463 1967 ,Ἀρκείσιος
1500 1927 1533 1955 et
1570 1925 1786 1966 Ἀρκεισιάδης,
1823 1924 1865 1954 ab

98 1981 225 2021 ἀρκέσαι
261 1981 422 2017 derivata,
458 1981 563 2010 nihilo
600 1980 749 2010 melioris
781 1982 860 2009 sunt
891 1980 990 2008 notae
1023 1987 1125 2016 quam
1151 1979 1239 2008 foret
1263 1988 1291 2008 e.
1316 1988 1347 2016 g.
1374 1979 1500 2008 ἐτέλεισε
1525 1987 1586 2017 pro
1613 1978 1756 2008 ἐτέλεσσε.
1783 1977 1865 2014 Quis

99 2035 212 2063 tamen
238 2036 399 2072 sequatur
423 2034 574 2064 codicem
599 2043 630 2072 q,
653 2043 730 2063 cum
750 2033 953 2072 praesertim
975 2032 1097 2061 ceteris
1118 2032 1203 2061 locis
1217 2041 1333 2061 omnes
1347 2031 1481 2062 codices
1497 2031 1667 2061 LaRochii
1681 2031 1864 2069 diphthon-

99 2096 179 2125 gum
203 2100 226 2117 ει
250 2088 428 2117 videantur
451 2088 626 2126 praebere,
651 2088 816 2124 quantum
836 2085 974 2123 quidem
995 2094 1035 2115 ex
1057 2085 1129 2114 eius
1151 2085 1286 2114 silentio
1309 2085 1464 2115 concludi
1482 2086 1605 2124 potest.
1622 2085 1665 2114 At
1684 2093 1773 2114 nunc
1786 2083 1869 2122 quid

99 2140 197 2169 docet
221 2140 323 2169 editio
347 2140 556 2170 Ludwichii?
584 2135 835 2180 ,,3·1ρκεισιοἰὁασ]
862 2139 1085 2180 Ἀρκεσσιάὸιιο
1111 2138 1151 2173 G,
1176 2138 1377 2178 Ἀρκεσιὰδαο
1401 2139 1441 2175 D,
1469 2138 1650 2180 Ἀρκεσίδαο
1675 2137 1786 2168 UW.”

148 2193 187 2222 In
212 2197 226 2222 λ
253 2194 315 2224 387
340 2202 413 2231 sqq.
443 2194 523 2223 olim
550 2193 732 2222 edebatur:

466 2245 541 2285 ἦλθε
570 2247 601 2275 δ’
631 2247 678 2275 ἐπὶ
704 2245 794 2284 ψυχὴ
817 2244 1042 2282 Σίγαλιιέμνονος
1072 2243 1228 2286 Ἀτρεΐδαο

457 2299 623 2338 &livinius
648 2300 715 2340 περὶ
740 2299 768 2328 δ’
796 2298 883 2328 ἄλλαι
910 2297 1093 2339 ἀγηγέραθ’,
1121 2298 1212 2326 ὅσσαι
1236 2296 1287 2334 ἅμ
1314 2297 1395 2336 αὐτῷ

462 2354 518 2382 οὶκι
515 2365 533 2381 J)
558 2352 588 2381 ἒι
611 2354 784 2389 Αἰγίσθοιο
810 2354 909 2381 θάνοι
934 2352 984 2381 καὶ
1009 2352 1131 2388 πότμον
1157 2350 1297 2379 ἐπέσπον.

147 2407 190 2434 At
223 2414 288 2435 non
323 2404 446 2434 animas
479 2406 521 2435 ab
556 2406 717 2443 Aegistho
750 2407 888 2435 necatas
924 2413 998 2434 esse
1033 2404 1095 2434 sed
1126 2404 1218 2442 ipsos
1246 2401 1339 2439 viros,
1363 2402 1540 2432 verissime
1564 2382 1697 2432 monuit
1721 2401 1866 2437 Bekker,

105 2460 312 2497 quapropter
353 2459 517 2497 poscebat
558 2458 785 2488 masculinum
828 2459 924 2487 ὅσσοι.
961 2458 1012 2487 En
1047 2466 1126 2487 vero
1164 2465 1251 2494 quae
1283 2456 1425 2494 praebet
1461 2454 1649 2485 Ludwichii
1684 2455 1868 2493 apparatus

103 2512 256 2541 criticus:
284 2511 387 2547 ,,ἄλλοι
411 2512 451 2547 G,
475 2511 562 2541 ἄλλαι
588 2511 702 2541 ceteri.
729 2527 769 2531 —
796 2511 883 2540 ὅσσοι
907 2510 1026 2552 ἄριστοι
1053 2509 1090 2545 G,
1117 2511 1206 2539 ὅσσαι
1232 2509 1281 2546 ἅμ’
1309 2510 1390 2549 αὐτῷ
1428 2508 1564 2538 ceteri.'’
1591 2508 1681 2545 Ergo
1705 2507 1751 2543 id,
1777 2506 1869 2544 quod

103 2565 332 2594 necessarium
366 2572 440 2593 esse
473 2564 605 2594 Bekker
639 2564 768 2594 dudum
804 2564 946 2600 viderat,
982 2563 1050 2592 iam
1086 2563 1259 2601 repertum
1292 2563 1344 2591 est
1373 2562 1407 2591 in
1441 2560 1556 2591 codiee
1585 2560 1714 2598 optimo
1745 2559 1786 2596 G,
1810 2559 1868 2597 qui

102 2619 280 2656 praeterea
303 2617 387 2646 ἄλλοι
412 2617 550 2646 exhibet
574 2619 607 2646 et
633 2618 762 2659 ἄριστοι,
788 2617 932 2646 fortasse
964 2618 1067 2646 reete.

151 2671 177 2700 Θ
202 2670 262 2699 199
288 2670 330 2698 ad
350 2669 453 2699 verba
475 2671 527 2699 εἰνὶ
550 2671 654 2711 θρόνῳ
675 2670 708 2698 in
732 2669 849 2699 Iliadis
871 2671 984 2699 nostra
1006 2669 1153 2699 editione
1175 2668 1446 2698 observavimus:
1465 2666 1555 2706 ,,εἷνὶ]
1571 2666 1680 2696 forma
1694 2666 1866 2704 suspecta,

103 2723 230 2761 quippe
267 2731 366 2760 quam
402 2722 494 2751 nulla
531 2723 711 2760 protulerit
746 2723 845 2752 metri
881 2723 1085 2757 necessitas;
1123 2719 1174 2750 *ἐν
1211 2721 1325 2761 θώκῳῗ
1359 2720 1400 2750 cf.
1435 2721 1498 2750 439
1531 2723 1552 2759 ρ’
1585 2720 1624 2749 14
1660 2732 1672 2748 ε
1704 2720 1734 2749 3.
1766 2718 1867 2748 Redit

105 2776 231 2805 locutio
259 2779 282 2804 O
315 2775 393 2810 1503
418 2777 594 2813 praeterea
615 2777 667 2805 εἰνὶ
691 2777 804 2816 θύρῃσι
825 2776 951 2813 legitur
974 2789 983 2805 ι
1011 2776 1074 2806 417
1104 2787 1121 2805 κ
1147 2775 1210 2804 310
1235 2787 1256 2812 μ
1283 2775 1379 2804 256.”
1405 2774 1489 2803 Tres
1513 2773 1627 2802 autem
1646 2771 1709 2801 hos
1729 2771 1868 2801 ultimos

104 2829 197 2858 locos
235 2828 357 2866 corrigi
389 2837 489 2867 posse
521 2828 564 2857 ad
594 2829 787 2867 exemplum
818 2837 937 2858 versus
969 2841 986 2859 κ
1015 2829 1089 2865 220,
1118 2827 1177 2857 ubi
1202 2829 1232 2857 ἐν
1255 2828 1445 2869 προθύροισι
1470 2826 1522 2855 est
1544 2824 1645 2854 lectio
1669 2824 1868 2861 Aristarchi,

106 2881 167 2911 sed
202 2882 254 2911 εἰνὶ
288 2883 403 2921 θύρῃσι
439 2881 472 2910 in
505 2880 679 2910 codicibus
710 2883 801 2910 extat
832 2881 1017 2919 plerisque,
1049 2880 1265 2920 perspexisse
1294 2879 1392 2909 nobis
1420 2877 1628 2908 videbamur.
1654 2877 1750 2907 Nunc
1775 2876 1867 2915 apud

106 2933 341 2964 Ludwichium
370 2933 530 2970 legimus:
568 2945 606 2968 „n
638 2934 701 2962 310
727 2935 757 2962 ἐν
781 2936 970 2975 προθύροισι
997 2934 1037 2969 G,
1064 2933 1117 2963 εἰνὶ
1142 2934 1256 2973 θύρῃσι
1281 2929 1420 2961 ceteri.'’
1446 2931 1542 2967 Quod
1565 2930 1669 2968 igitur
1692 2929 1867 2968 flagitaba-

106 2995 194 3023 mus,
228 2986 263 3015 id
296 2986 364 3023 legi
397 2986 431 3014 in
464 2985 580 3015 codice
605 2986 898 3024 praestantissimo
923 2987 1076 3025 apparet,
1101 2994 1211 3023 neque
1239 2984 1457 3014 Ludwichius
1484 2983 1652 3013 dubitavit
1675 2983 1709 3012 in
1733 2984 1865 3012 textum

108 3048 182 3068 eam
217 3038 399 3068 lectionem
434 3038 597 3076 recipere.
633 3037 706 3067 Vid.
740 3038 841 3067 etiam
873 3047 903 3067 v.
927 3038 949 3067 l.
974 3042 999 3068 θ
1024 3038 1098 3068 325.
1123 3037 1240 3067 Nonne
1267 3037 1371 3075 igitur
1396 3036 1514 3066 eadem
1539 3036 1662 3066 fiducia
1686 3035 1867 3065 molestum

106 3092 194 3121 illud
218 3093 270 3121 εἰνὶ
296 3100 384 3121 nunc
411 3090 650 3129 expellendum
676 3092 726 3120 est
751 3104 760 3121 ι
786 3092 848 3121 417
875 3093 908 3121 et
932 3103 953 3128 μ
980 3091 1065 3121 256?
1090 3091 1156 3121 Nos
1182 3091 1272 3120 certe
1294 3092 1325 3119 ἐν
1345 3091 1533 3131 προθύροισι
1554 3089 1601 3119 ibi
1621 3088 1869 3129 rescripsimus,
