2035 3406
1083 211 1123 239 VI

220 338 396 382 superior
424 339 486 374 est
502 337 541 384 ¹),
571 338 789 384 Odysseam
819 339 948 384 edidit,
980 339 1019 374 et
1042 338 1108 374 illa
1132 338 1307 374 recensio
1332 347 1401 382 per
1426 347 1551 373 annos
1576 338 1666 382 plus
1691 349 1809 383 quam
1831 340 1971 384 viginti

218 408 357 443 ceteris
394 409 486 444 viris
523 409 658 454 doctis,
696 411 761 454 qui
790 411 1057 446 emendandae
1086 411 1147 447 vel
1177 411 1431 455 explicandae
1461 410 1662 455 Odysseae
1690 413 1966 459 incubuerunt,

217 478 375 512 unicum
405 477 485 513 fere
512 478 586 514 fuit
612 479 925 516 instrumentum
955 480 1144 517 criticum.

268 547 383 582 Anno
410 547 510 582 1876
534 548 573 582 in
598 548 841 585 Fleckeiseni
864 550 1084 586 Annalibus
1111 553 1159 595 (p.
1188 551 1356 592 21-27)
1385 551 1431 586 de
1457 551 1587 586 codice
1612 550 1677 586 illo
1702 551 1966 588 Laurentiano

215 616 360 651 saeculi
406 617 444 652 X
490 618 710 653 accuratius
757 619 837 662 egit
881 619 922 655 E.
973 619 1239 666 G-orscflmcfl,
1289 620 1353 664 qui
1402 619 1520 655 libros
1565 619 1709 670 αβγζ
1747 621 1969 657 contulerat

213 686 400 731 integros,
439 689 479 722 et
515 698 535 723 e
573 689 712 723 ceteris
751 689 972 733 rhapsodiis
1010 690 1117 726 locos
1156 691 1348 735 quosdam
1379 689 1569 733 selectos;
1600 688 1621 724 i.
1652 698 1686 724 a.
1715 690 1855 725 notatu
1887 691 1965 734 dig-

214 755 423 790 nissimum
462 766 550 792 esse
588 758 802 803 adnotavit,
840 759 942 802 quod
980 760 1019 794 in
1049 769 1166 796 versu
1196 773 1216 796 ο
1250 760 1323 794 128
1353 758 1415 794 hic
1443 759 1566 794 codex
1597 759 1729 794 servat
1758 758 1966 794 lectionem

211 823 505 860 Aristarcheam
534 827 702 871 κεῖσθαι,
729 836 819 862 cum
846 827 885 862 in
914 828 1054 863 ceteris
1083 828 1234 863 cunctis
1261 828 1416 872 legatur
1443 825 1601 864 κείσθω.

263 895 371 939 Quod
422 898 555 932 autem
606 897 720 933 hodie
770 898 816 933 de
866 898 1068 943 Odysseae
1111 899 1226 934 textu
1270 898 1413 934 melius
1458 907 1575 941 quam
1621 897 1790 933 antehac
1831 892 1965 941 potest

210 965 380 1010 iudicari,
418 966 455 1001 id
493 967 656 1001 debetur
690 966 838 1004 ferreae
875 968 1091 1004 industriae
1131 968 1323 1003 ARTHURI
1363 968 1572 1003 LUDWICH.
1615 967 1715 1002 Nam
1746 967 1838 1011 post
1866 967 1964 1002 Lud-

210 1034 337 1069 wichii
378 1045 520 1070 novam
557 1036 759 1080 Odysseae
797 1038 1080 1083 recensionem,
1120 1038 1231 1073 cuius
1270 1047 1362 1082 pars
1391 1038 1495 1082 prior
1523 1046 1626 1072 anno
1661 1037 1761 1072 1889
1792 1038 1964 1072 exeunte

208 1105 310 1147 apud
348 1104 597 1141 Teubnerum
635 1107 788 1152 prodiit,
824 1108 914 1143 inde
943 1108 1045 1143 unde
1074 1117 1145 1152 par
1174 1108 1235 1143 est
1263 1107 1454 1151 proficisci
1483 1106 1574 1142 licet
1603 1107 1747 1142 criticis
1776 1107 1816 1142 in
1845 1108 1961 1142 textu

206 1173 413 1209 Homerico
451 1176 661 1221 occupatis,
699 1186 842 1221 nempe
879 1178 925 1212 ab
961 1177 1248 1221 antiquissimis
1289 1176 1507 1221 codicibus;
1542 1186 1670 1220 neque
1701 1186 1820 1211 tonum
1849 1177 1964 1212 modo

208 1243 276 1278 sed
308 1243 369 1279 vel
402 1245 494 1279 duos
526 1246 688 1290 codiceS,
718 1246 783 1290 qui
812 1246 859 1281 ad
890 1246 1093 1282 saeculum
1123 1245 1219 1281 Xum
1247 1246 1458 1291 pertinent,
1487 1245 1739 1281 Ludwichius
1771 1245 1960 1289 adhibuit,

207 1322 373 1356 quorum
403 1313 570 1349 alterum
600 1314 657 1358 (F)
688 1325 846 1351 summa
874 1325 967 1352 cura
996 1316 1186 1360 excussit,
1216 1315 1385 1351 alterum
1416 1314 1476 1358 (G)
1507 1314 1658 1358 passim
1688 1315 1863 1359 inspexit
1878 1313 1918 1357 2).

260 1383 346 1418 Non
382 1384 521 1419 iisdem
560 1385 694 1420 autem
732 1385 874 1420 litteris
909 1386 1026 1429 atque
1054 1384 1284 1420 LaRochius
1314 1385 1353 1420 in
1383 1384 1581 1429 plerisque
1611 1384 1807 1420 codicibus
1836 1385 1960 1429 desig-

205 1453 344 1487 nandis
386 1463 484 1488 usus
528 1454 588 1489 est
626 1454 899 1499 Ludwichius;
937 1455 1040 1498 quod
1080 1455 1263 1498 prudenti
1302 1454 1394 1489 fecit
1436 1453 1610 1498 consilio,
1641 1464 1734 1489 nam
1765 1454 1959 1490 hactenus

204 1522 279 1558 alia
315 1523 429 1566 signa
465 1523 641 1558 codicum
678 1523 861 1559 valebant
899 1524 931 1558 si
970 1524 1117 1568 textus,
1151 1523 1227 1559 alia
1257 1533 1289 1558 si
1318 1523 1467 1559 scholia
1495 1522 1824 1566 tractabantur-²).
1857 1523 1959 1559 Huic

203 1592 421 1627 confusioni
463 1592 583 1627 finem
625 1593 766 1628 statuit
808 1593 1073 1637 Ludwichius,
1112 1602 1230 1636 quem
1268 1592 1435 1628 libenter
1471 1602 1545 1628 nos
1585 1593 1709 1628 secuti
1740 1593 1802 1628 his
1832 1593 1957 1637 signis

205 1662 354 1697 codices
383 1662 642 1698 indicavimus
658 1673 665 1697 ε

257 1826 308 1861 F.
348 1825 599 1861 Florentinus
636 1826 926 1862 Laurentianus
964 1824 1007 1861 n⁰
1038 1826 1086 1862 52
1123 1826 1230 1868 (olim
1268 1827 1446 1862 abbatiae
1480 1826 1731 1862 Florentinae
1763 1825 1806 1862 n⁰
1837 1826 1955 1871 2763)

204 1895 376 1932 saeculi
413 1896 467 1931 X.
507 1896 542 1931 A
574 1896 801 1932 Ludwichio
829 1896 1002 1941 primum
1036 1897 1099 1932 est
1128 1896 1327 1932 adhibitus
1357 1897 1397 1932 et
1424 1897 1534 1931 totus
1565 1897 1745 1932 accurate
1775 1896 1952 1932 collatus.

202 1965 418 2010 Descriptio
455 1966 608 2010 codicis,
648 1976 766 2009 quem
803 1966 888 2010 ipse
928 1975 978 2001 ex
1007 1965 1200 2001 oblivione
1228 1966 1472 2010 protraxisse
1501 1965 1666 2011 videtur,
1696 1966 1805 2002 nulla
1835 1976 1954 2010 quan-

202 2037 288 2070 tum
318 2036 465 2071 scimus
496 2035 689 2071 hactenus
719 2036 759 2070 in
786 2035 915 2072 lucem
946 2037 1006 2071 est
1038 2036 1196 2071 emissa.

253 2105 538 2150 Archetypum,
576 2115 625 2140 ex
663 2115 739 2149 quo
771 2106 991 2150 descriptus
1026 2107 1099 2151 est,
1138 2105 1281 2141 litteris
1310 2104 1544 2141 minusculis
1574 2104 1698 2141 fuisse
1728 2107 1952 2154 exaratum,

247 2318 271 2362 1)
295 2321 424 2360 Nempe
460 2321 577 2351 decem
613 2321 766 2351 codicum
799 2330 883 2359 quos
915 2321 988 2360 ipse
1022 2321 1211 2351 contulerat
1238 2316 1456 2362 (Venetorum
1481 2321 1617 2357 Mikn,
1642 2321 1951 2353 Vindobonensium

200 2374 370 2411 XYblq‚
405 2375 616 2404 Monacensis
650 2372 704 2416 U),
738 2376 771 2404 et
802 2376 979 2412 praeterea
1011 2375 1159 2413 quinque
1193 2374 1501 2412 manuscriptorum
1532 2374 1574 2403 ab
1602 2374 1677 2404 aliis
1702 2375 1951 2414 exploratorum

202 2426 245 2459 (Η
259 2427 279 2456 J
293 2427 318 2455 O
333 2427 355 2456 Z
370 2424 432 2467 W).

244 2475 267 2515 Ξ)
292 2478 380 2507 Usus
400 2480 452 2508 est
483 2478 699 2508 Ludwichius
724 2479 897 2509 codicibus
917 2479 1160 2517 duodeviginti,
1185 2487 1329 2516 quorum
1349 2477 1665 2521 sexsFPHDTU)
1691 2480 1840 2510 excussit
1863 2482 1953 2511 totos

200 2538 275 2559 cum
306 2531 416 2568 priore
447 2533 543 2568 parte
575 2532 700 2561 codicis
729 2532 757 2561 Κ
784 2534 817 2561 et
840 2534 935 2570 parte
961 2532 1066 2561 altera
1091 2532 1216 2561 codicis
1239 2531 1277 2567 L,
1302 2530 1386 2559 duos
1412 2528 1457 2571 (G
1471 2529 1514 2572 X)
1544 2531 1745 2562 festinanter
1770 2534 1950 2572 excerpsit,

199 2585 343 2619 quatuor
367 2581 414 2625 (M
428 2582 541 2625 NSY)
564 2585 688 2622 passini
714 2585 871 2623 inspexit,
895 2586 1038 2623 quatuor
1064 2585 1098 2622 (J
1112 2585 1137 2614 O
1153 2585 1175 2614 Z
1189 2584 1238 2621 W)
1264 2592 1304 2612 ex
1328 2583 1469 2612 aliorum
1496 2585 1695 2615 auctoritate
1724 2586 1847 2616 attulit.

242 2634 269 2677 3)
294 2638 347 2666 Sic
379 2638 555 2667 LaRochio
579 2637 685 2667 codex
705 2638 726 2666 S
751 2639 802 2667 est
828 2637 1126 2675 stuttgardiensis:
1151 2638 1185 2666 at
1207 2637 1234 2665 si
1259 2636 1410 2665 scholion
1439 2637 1578 2674 aliquod
1603 2647 1643 2667 ex
1667 2638 1782 2669 codice
1813 2639 1833 2669 S
1858 2640 1949 2678 apud

198 2689 408 2719 Dindorfium
432 2691 570 2720 affertur
592 2690 626 2718 in
650 2689 855 2719 scholiorum
881 2690 1000 2727 Odyss.
1025 2689 1183 2724 editione,
1207 2697 1272 2717 non
1300 2688 1333 2716 in
1360 2689 1623 2726 Stuttgardiensi
1647 2691 1681 2720 id.
1706 2693 1757 2721 est
1782 2701 1948 2730 quaeren-

198 2742 277 2770 dum
313 2743 373 2771 sed
408 2743 441 2771 in
476 2743 628 2771 Parisino
659 2742 805 2780 quodam
840 2743 1081 2780 manuscripto.
1115 2741 1280 2771 Dindorfii
1315 2741 1443 2771 scholia
1478 2743 1505 2771 B
1539 2745 1573 2773 et
1604 2745 1630 2780 Q
1658 2745 1693 2774 in
1717 2746 1948 2776 Ambrosianis

198 2794 330 2824 duobus
365 2795 539 2832 leguntur:
576 2804 594 2824 a
630 2796 805 2824 LaRochio
839 2804 919 2824 vero
953 2795 1075 2824 litteris
1108 2796 1134 2824 B
1167 2796 1200 2823 et
1232 2795 1257 2829 Q
1290 2794 1481 2824 indicantur
1509 2796 1643 2827 codices
1671 2798 1949 2829 Vindobonenses

199 2848 335 2884 quidam
370 2848 504 2877 infimae
535 2848 665 2877 aetatis.
697 2848 796 2886 Apud
826 2848 1041 2877 LaRochium
1072 2847 1099 2876 V
1123 2848 1174 2876 est
1204 2847 1309 2875 codex
1332 2847 1620 2879 Vratislaviensis:
1648 2850 1766 2880 eadem
1791 2851 1905 2881 littera
1929 2860 1948 2880 a

198 2901 370 2930 Dindorfio
400 2901 618 2938 designantur
650 2901 777 2930 scholia
810 2909 896 2938 quae
921 2900 1079 2929 dicuntur
1102 2900 1255 2938 Vulgata,
1283 2900 1324 2929 ab
1349 2900 1434 2929 Aldo
1459 2901 1609 2931 Manutio
1636 2904 1774 2933 curante
1797 2903 1945 2932 Asulano

199 2954 287 2982 edita
318 2963 357 2983 ex
390 2954 504 2983 codice
534 2953 634 2982 hodie
667 2953 843 2991 deperdito
867 2954 983 2991 (quem
1008 2953 1191 2982 Bodleiano
1217 2953 1344 2982 saeculi
1368 2953 1414 2982 XI
1439 2953 1651 2984 simillimum
1676 2955 1783 2985 fuisse
1807 2956 1944 2985 demon-

198 3007 316 3035 stravit
346 3006 538 3035 Dindorfius
570 3006 602 3034 in
628 3006 731 3034 schol.
765 3005 882 3043 Odyss.
913 3005 1019 3043 praef.
1052 3015 1084 3043 p.
1117 3005 1210 3034 XVII
1233 3006 1330 3042 sqq.).
1356 3006 1383 3034 A
1407 3005 1583 3036 LaRochio
1608 3007 1876 3037 Vindobonensis
1903 3007 1942 3036 56

198 3059 320 3088 dicitur
351 3059 396 3088 D:
430 3059 464 3087 in
494 3059 697 3087 scholiorum
731 3058 876 3088 editione
909 3058 1126 3087 Dindorfiana
1155 3058 1202 3087 sic
1227 3058 1322 3087 audit
1344 3059 1519 3088 Parisinus
1545 3060 1640 3088 2403.
1666 3059 1779 3089 Codex
1802 3059 1828 3088 P
1853 3059 1944 3097 apud

198 3111 407 3140 Dindorfium
431 3112 482 3139 est
505 3111 688 3146 Palatinus,
714 3111 803 3148 apud
827 3110 1042 3139 LaRochium
1066 3110 1373 3140 Meermannianus.
