<?xml version="1.0" encoding="UTF-8"?>
<!DOCTYPE html PUBLIC "-//W3C//DTD XHTML 1.0 Transitional//EN"
    "http://www.w3.org/TR/xhtml1/DTD/xhtml1-transitional.dtd">
<html xmlns="http://www.w3.org/1999/xhtml" xml:lang="en" lang="en">
 <head>
  <title>
</title>
<meta http-equiv="Content-Type" content="text/html;charset=utf-8" />
  <meta name='ocr-system' content='tesseract 3.04.00' />
  <meta name='ocr-capabilities' content='ocr_page ocr_carea ocr_par ocr_line ocrx_word'/>
</head>
<body>
  <div class='ocr_page' id='page_1' title='image "./odysseaecarminac00homeuoft/odysseaecarminac00homeuoft_0029.png"; bbox 0 0 2068 3390; ppageno 0'>
   <div class='ocr_carea' id='block_1_1' title="bbox 79 189 300 231">
    <p class='ocr_par' dir='ltr' id='par_1_1' title="bbox 79 189 300 231">
     <span class='ocr_line' id='line_1_1' title="bbox 79 189 300 231; baseline 0 -12"><span class='ocrx_word' id='word_1_1' title='bbox 79 191 162 220; x_wconf 83' lang='grc' dir='ltr'><em>Θεῶν</em></span> <span class='ocrx_word' id='word_1_2' title='bbox 186 189 300 231; x_wconf 80' lang='grc' dir='ltr'><em>ἀγορά]</em></span> 
     </span>
    </p>
   </div>
   <div class='ocr_carea' id='block_1_2' title="bbox 938 191 968 220">
    <p class='ocr_par' dir='ltr' id='par_1_2' title="bbox 938 191 968 220">
     <span class='ocr_line' id='line_1_2' title="bbox 938 191 968 220; baseline 0 0"><span class='ocrx_word' id='word_1_3' title='bbox 938 191 968 220; x_wconf 85' lang='grc' dir='ltr'><em>α</em></span> 
     </span>
    </p>
   </div>
   <div class='ocr_carea' id='block_1_3' title="bbox 1814 178 1841 219">
    <p class='ocr_par' dir='ltr' id='par_1_3' title="bbox 1814 178 1841 219">
     <span class='ocr_line' id='line_1_3' title="bbox 1814 178 1841 219; textangle 90"><span class='ocrx_word' id='word_1_4' title='bbox 1814 178 1841 219; x_wconf 71' lang='lat'>0¹</span> 
     </span>
    </p>
   </div>
   <div class='ocr_carea' id='block_1_4' title="bbox 131 272 1823 292">
    <p class='ocr_par' dir='ltr' id='par_1_4' title="bbox 131 272 1823 292">
     <span class='ocr_line' id='line_1_4' title="bbox 131 272 1823 292; baseline 0 0"><span class='ocrx_word' id='word_1_5' title='bbox 131 272 1823 292; x_wconf 95' lang='lat' dir='ltr'> </span> 
     </span>
    </p>
   </div>
   <div class='ocr_carea' id='block_1_5' title="bbox 137 347 178 459">
    <p class='ocr_par' dir='ltr' id='par_1_5' title="bbox 137 347 178 459">
     <span class='ocr_line' id='line_1_5' title="bbox 141 347 160 381; baseline 0 0"><span class='ocrx_word' id='word_1_6' title='bbox 141 347 160 381; x_wconf 90' lang='lat'><em>1</em></span> 
     </span>
     <span class='ocr_line' id='line_1_6' title="bbox 137 424 178 459; baseline -0.073 0"><span class='ocrx_word' id='word_1_7' title='bbox 137 424 178 459; x_wconf 80' lang='lat'>76</span> 
     </span>
    </p>
   </div>
   <div class='ocr_carea' id='block_1_6' title="bbox 221 335 1328 391">
    <p class='ocr_par' dir='ltr' id='par_1_6' title="bbox 221 335 1328 391">
     <span class='ocr_line' id='line_1_7' title="bbox 221 335 1328 391; baseline -0.002 -11"><span class='ocrx_word' id='word_1_8' title='bbox 221 338 269 380; x_wconf 75' lang='grc' dir='ltr'>οὔ</span> <span class='ocrx_word' id='word_1_9' title='bbox 301 355 336 379; x_wconf 90' lang='grc' dir='ltr'>τι</span> <span class='ocrx_word' id='word_1_10' title='bbox 368 340 619 391; x_wconf 77' lang='grc' dir='ltr'><em>κατακτείνει,</em></span> <span class='ocrx_word' id='word_1_11' title='bbox 651 338 785 386; x_wconf 81' lang='grc' dir='ltr'><em>πλάζει</em></span> <span class='ocrx_word' id='word_1_12' title='bbox 817 335 854 378; x_wconf 82' lang='grc' dir='ltr'>δ’</span> <span class='ocrx_word' id='word_1_13' title='bbox 895 337 973 378; x_wconf 80' lang='grc' dir='ltr'><em>ἀπὸ</em></span> <span class='ocrx_word' id='word_1_14' title='bbox 1008 338 1195 391; x_wconf 77' lang='grc' dir='ltr'><em>πατρίδος</em></span> <span class='ocrx_word' id='word_1_15' title='bbox 1227 339 1328 391; x_wconf 83' lang='grc' dir='ltr'><em>αἴης.</em></span> 
     </span>
    </p>
   </div>
   <div class='ocr_carea' id='block_1_7' title="bbox 225 411 1257 469">
    <p class='ocr_par' dir='ltr' id='par_1_7' title="bbox 225 411 1257 469">
     <span class='ocr_line' id='line_1_8' title="bbox 225 411 1257 469; baseline -0.002 -14"><span class='ocrx_word' id='word_1_16' title='bbox 225 413 301 455; x_wconf 82' lang='grc' dir='ltr'><em>ἀλλ’</em></span> <span class='ocrx_word' id='word_1_17' title='bbox 339 413 448 469; x_wconf 72' lang='grc' dir='ltr'><em>ἄγεθ’</em></span> <span class='ocrx_word' id='word_1_18' title='bbox 485 411 580 468; x_wconf 81' lang='grc' dir='ltr'><em>ἦμες</em></span> <span class='ocrx_word' id='word_1_19' title='bbox 612 415 716 455; x_wconf 88' lang='grc' dir='ltr'><em>τοίδε</em></span> <span class='ocrx_word' id='word_1_20' title='bbox 747 415 1082 468; x_wconf 83' lang='grc' dir='ltr'><em>περιφραζώμεθα</em></span> <span class='ocrx_word' id='word_1_21' title='bbox 1115 414 1257 462; x_wconf 91' lang='grc' dir='ltr'><em>πάντες</em></span> 
     </span>
    </p>
   </div>
   <div class='ocr_carea' id='block_1_8' title="bbox 224 489 1242 547">
    <p class='ocr_par' dir='ltr' id='par_1_8' title="bbox 224 489 1242 547">
     <span class='ocr_line' id='line_1_9' title="bbox 224 489 1242 547; baseline -0.002 -16"><span class='ocrx_word' id='word_1_22' title='bbox 224 490 378 544; x_wconf 89' lang='grc' dir='ltr'><em>νόστον,</em></span> <span class='ocrx_word' id='word_1_23' title='bbox 410 491 514 540; x_wconf 82' lang='grc' dir='ltr'><em>ὅπως</em></span> <span class='ocrx_word' id='word_1_24' title='bbox 550 491 699 547; x_wconf 75' lang='grc' dir='ltr'><em>ἔλθῃσι.</em></span> <span class='ocrx_word' id='word_1_25' title='bbox 734 490 968 530; x_wconf 77' lang='grc' dir='ltr'><em>Ποσειδάων</em></span> <span class='ocrx_word' id='word_1_26' title='bbox 1003 489 1044 530; x_wconf 82' lang='grc' dir='ltr'>δὲ</span> <span class='ocrx_word' id='word_1_27' title='bbox 1077 489 1242 542; x_wconf 84' lang='grc' dir='ltr'><em>μεθήσει</em></span> 
     </span>
    </p>
   </div>
   <div class='ocr_carea' id='block_1_9' title="bbox 160 566 1400 621">
    <p class='ocr_par' dir='ltr' id='par_1_9' title="bbox 160 566 1400 621">
     <span class='ocr_line' id='line_1_10' title="bbox 160 566 1400 621; baseline -0.001 -15"><span class='ocrx_word' id='word_1_28' title='bbox 160 588 163 589; x_wconf 46' lang='grc'>’</span> <span class='ocrx_word' id='word_1_29' title='bbox 224 567 302 607; x_wconf 72' lang='grc' dir='ltr'><em>,Ι-’ὸν</em></span> <span class='ocrx_word' id='word_1_30' title='bbox 334 568 460 621; x_wconf 87' lang='grc' dir='ltr'><em>χόλον·</em></span> <span class='ocrx_word' id='word_1_31' title='bbox 493 567 540 608; x_wconf 83' lang='grc' dir='ltr'>οὐ</span> <span class='ocrx_word' id='word_1_32' title='bbox 573 566 644 619; x_wconf 81' lang='grc' dir='ltr'>μὲν</span> <span class='ocrx_word' id='word_1_33' title='bbox 676 567 749 620; x_wconf 91' lang='grc' dir='ltr'>γάρ</span> <span class='ocrx_word' id='word_1_34' title='bbox 782 582 816 606; x_wconf 91' lang='grc' dir='ltr'>τι</span> <span class='ocrx_word' id='word_1_35' title='bbox 850 566 1061 618; x_wconf 82' lang='grc' dir='ltr'><em>δυνήσεται</em></span> <span class='ocrx_word' id='word_1_36' title='bbox 1094 566 1208 606; x_wconf 79' lang='grc' dir='ltr'><em>ἀντία</em></span> <span class='ocrx_word' id='word_1_37' title='bbox 1240 566 1400 606; x_wconf 89' lang='grc' dir='ltr'><em>πάντων</em></span> 
     </span>
    </p>
   </div>
   <div class='ocr_carea' id='block_1_10' title="bbox 226 638 1218 695">
    <p class='ocr_par' dir='ltr' id='par_1_10' title="bbox 226 638 1218 695">
     <span class='ocr_line' id='line_1_11' title="bbox 226 638 1218 695; baseline -0.002 -12"><span class='ocrx_word' id='word_1_38' title='bbox 226 642 441 683; x_wconf 81' lang='grc' dir='ltr'><em>ἀθανάτων</em></span> <span class='ocrx_word' id='word_1_39' title='bbox 473 641 635 695; x_wconf 62' lang='grc' dir='ltr'><em>ἀᾶῑέκητι</em></span> <span class='ocrx_word' id='word_1_40' title='bbox 668 646 776 682; x_wconf 85' lang='grc' dir='ltr'><em>θεῶν</em></span> <span class='ocrx_word' id='word_1_41' title='bbox 809 639 1058 695; x_wconf 84' lang='grc' dir='ltr'><em>ε’ριδαινέμεν’</em></span> <span class='ocrx_word' id='word_1_42' title='bbox 1097 638 1218 689; x_wconf 82' lang='grc' dir='ltr'><em>οἷος.”</em></span> 
     </span>
    </p>
   </div>
   <div class='ocr_carea' id='block_1_11' title="bbox 138 728 180 760">
    <p class='ocr_par' dir='ltr' id='par_1_11' title="bbox 138 728 180 760">
     <span class='ocr_line' id='line_1_12' title="bbox 138 728 180 760; baseline 0 0"><span class='ocrx_word' id='word_1_43' title='bbox 138 728 180 760; x_wconf 91' lang='grc'>80</span> 
     </span>
    </p>
   </div>
   <div class='ocr_carea' id='block_1_12' title="bbox 286 716 1353 771">
    <p class='ocr_par' dir='ltr' id='par_1_12' title="bbox 286 716 1353 771">
     <span class='ocr_line' id='line_1_13' title="bbox 286 716 1353 771; baseline -0.003 -12"><span class='ocrx_word' id='word_1_44' title='bbox 286 719 354 759; x_wconf 89' lang='grc' dir='ltr'>τὸν</span> <span class='ocrx_word' id='word_1_45' title='bbox 386 717 424 759; x_wconf 85' lang='grc' dir='ltr'>δ’</span> <span class='ocrx_word' id='word_1_46' title='bbox 460 716 625 771; x_wconf 79' lang='grc' dir='ltr'><em>ἠμείβετ’</em></span> <span class='ocrx_word' id='word_1_47' title='bbox 664 717 795 758; x_wconf 72' lang='grc' dir='ltr'><em>ἔπειτα</em></span> <span class='ocrx_word' id='word_1_48' title='bbox 826 717 904 757; x_wconf 83' lang='grc' dir='ltr'>θεὰ</span> <span class='ocrx_word' id='word_1_49' title='bbox 934 721 1159 771; x_wconf 78' lang='grc' dir='ltr'><em>γλαυκῶπις</em></span> <span class='ocrx_word' id='word_1_50' title='bbox 1192 717 1353 769; x_wconf 79' lang='grc' dir='ltr'><em>Ἀθήνη·</em></span> 
     </span>
    </p>
   </div>
   <div class='ocr_carea' id='block_1_13' title="bbox 1517 732 1842 769">
    <p class='ocr_par' dir='ltr' id='par_1_13' title="bbox 1517 732 1842 769">
     <span class='ocr_line' id='line_1_14' title="bbox 1517 732 1842 769; baseline -0.006 -7"><span class='ocrx_word' id='word_1_51' title='bbox 1517 733 1557 762; x_wconf 87' lang='grc'>80</span> <span class='ocrx_word' id='word_1_52' title='bbox 1587 741 1635 769; x_wconf 81' lang='lat' dir='ltr'>sq.</span> <span class='ocrx_word' id='word_1_53' title='bbox 1661 746 1703 758; x_wconf 85' lang='lat'>=</span> <span class='ocrx_word' id='word_1_54' title='bbox 1727 732 1768 761; x_wconf 82' lang='lat'>44</span> <span class='ocrx_word' id='word_1_55' title='bbox 1793 739 1842 769; x_wconf 83' lang='lat' dir='ltr'>sq.</span> 
     </span>
    </p>
   </div>
   <div class='ocr_carea' id='block_1_14' title="bbox 227 790 1270 849">
    <p class='ocr_par' dir='ltr' id='par_1_14' title="bbox 227 790 1270 849">
     <span class='ocr_line' id='line_1_15' title="bbox 227 790 1270 849; baseline -0.002 -14"><span class='ocrx_word' id='word_1_56' title='bbox 227 790 293 848; x_wconf 61' lang='grc' dir='ltr'>»ὦ</span> <span class='ocrx_word' id='word_1_57' title='bbox 325 795 443 849; x_wconf 89' lang='grc' dir='ltr'><em>πάτερ</em></span> <span class='ocrx_word' id='word_1_58' title='bbox 475 792 632 848; x_wconf 81' lang='grc' dir='ltr'><em>ἡμέτερε</em></span> <span class='ocrx_word' id='word_1_59' title='bbox 669 794 862 848; x_wconf 76' lang='grc' dir='ltr'><em>Κρονίδη,</em></span> <span class='ocrx_word' id='word_1_60' title='bbox 892 794 1015 833; x_wconf 74' lang='grc' dir='ltr'><em>ὕπατε</em></span> <span class='ocrx_word' id='word_1_61' title='bbox 1047 794 1270 847; x_wconf 83' lang='grc' dir='ltr'><em>κρειόντων,</em></span> 
     </span>
    </p>
   </div>
   <div class='ocr_carea' id='block_1_15' title="bbox 227 869 1273 924">
    <p class='ocr_par' dir='ltr' id='par_1_15' title="bbox 227 869 1273 924">
     <span class='ocr_line' id='line_1_16' title="bbox 227 869 1273 924; baseline -0.002 -13"><span class='ocrx_word' id='word_1_62' title='bbox 227 871 263 911; x_wconf 82' lang='grc' dir='ltr'>εἰ</span> <span class='ocrx_word' id='word_1_63' title='bbox 290 869 361 924; x_wconf 81' lang='grc' dir='ltr'>μὲν</span> <span class='ocrx_word' id='word_1_64' title='bbox 394 870 443 923; x_wconf 83' lang='grc' dir='ltr'>δὴ</span> <span class='ocrx_word' id='word_1_65' title='bbox 475 876 552 910; x_wconf 82' lang='grc' dir='ltr'>νῦν</span> <span class='ocrx_word' id='word_1_66' title='bbox 584 876 699 911; x_wconf 88' lang='grc' dir='ltr'><em>τοῦτο</em></span> <span class='ocrx_word' id='word_1_67' title='bbox 734 871 851 922; x_wconf 81' lang='grc' dir='ltr'><em>φίλον</em></span> <span class='ocrx_word' id='word_1_68' title='bbox 885 870 1098 923; x_wconf 84' lang='grc' dir='ltr'><em>μακάρεσσι</em></span> <span class='ocrx_word' id='word_1_69' title='bbox 1129 874 1273 922; x_wconf 85' lang='grc' dir='ltr'><em>θεοῖσι,</em></span> 
     </span>
    </p>
   </div>
   <div class='ocr_carea' id='block_1_16' title="bbox 227 944 1251 1000">
    <p class='ocr_par' dir='ltr' id='par_1_16' title="bbox 227 944 1251 1000">
     <span class='ocr_line' id='line_1_17' title="bbox 227 944 1251 1000; baseline -0.002 -13"><span class='ocrx_word' id='word_1_70' title='bbox 227 953 414 1000; x_wconf 82' lang='grc' dir='ltr'><em>νοστῆσαι</em></span> <span class='ocrx_word' id='word_1_71' title='bbox 441 944 614 999; x_wconf 83' lang='grc' dir='ltr'><em>Ὀδυσῆα</em></span> <span class='ocrx_word' id='word_1_72' title='bbox 645 947 881 1000; x_wconf 87' lang='grc' dir='ltr'><em>πολύφρονα</em></span> <span class='ocrx_word' id='word_1_73' title='bbox 912 946 1036 986; x_wconf 67' lang='grc' dir='ltr'><em>,Ρόνδε</em></span> <span class='ocrx_word' id='word_1_74' title='bbox 1070 945 1251 998; x_wconf 86' lang='grc' dir='ltr'><em>δόμονδε,</em></span> 
     </span>
    </p>
   </div>
   <div class='ocr_carea' id='block_1_17' title="bbox 220 1020 1225 1077">
    <p class='ocr_par' dir='ltr' id='par_1_17' title="bbox 220 1020 1225 1077">
     <span class='ocr_line' id='line_1_18' title="bbox 220 1020 1225 1077; baseline -0.002 -14"><span class='ocrx_word' id='word_1_75' title='bbox 220 1020 407 1077; x_wconf 85' lang='grc' dir='ltr'><em>Ἑρμείαν</em></span> <span class='ocrx_word' id='word_1_76' title='bbox 440 1021 510 1075; x_wconf 79' lang='grc' dir='ltr'>μὲν</span> <span class='ocrx_word' id='word_1_77' title='bbox 542 1022 672 1063; x_wconf 77' lang='grc' dir='ltr'><em>ἔπειτα</em></span> <span class='ocrx_word' id='word_1_78' title='bbox 706 1022 914 1075; x_wconf 82' lang='grc' dir='ltr'><em>διάκτορον</em></span> <span class='ocrx_word' id='word_1_79' title='bbox 947 1022 1225 1076; x_wconf 77' lang='grc' dir='ltr'><em>Ἀργεϊφόντην</em></span> 
     </span>
    </p>
   </div>
   <div class='ocr_carea' id='block_1_18' title="bbox 1518 950 1844 1037">
    <p class='ocr_par' dir='ltr' id='par_1_18' title="bbox 1518 950 1844 1037">
     <span class='ocr_line' id='line_1_19' title="bbox 1518 950 1844 986; baseline 0 -3"><span class='ocrx_word' id='word_1_80' title='bbox 1518 954 1557 983; x_wconf 85' lang='grc'>83</span> <span class='ocrx_word' id='word_1_81' title='bbox 1573 950 1643 986; x_wconf 61' lang='grc' dir='ltr'>εξ</span> <span class='ocrx_word' id='word_1_82' title='bbox 1664 953 1727 982; x_wconf 79' lang='lat'>424</span> <span class='ocrx_word' id='word_1_83' title='bbox 1750 964 1766 981; x_wconf 72' lang='grc' dir='ltr'><em>υ</em></span> <span class='ocrx_word' id='word_1_84' title='bbox 1782 954 1844 983; x_wconf 86' lang='lat'>239</span> 
     </span>
     <span class='ocr_line' id='line_1_20' title="bbox 1583 998 1844 1037; baseline 0 -10"><span class='ocrx_word' id='word_1_85' title='bbox 1583 1010 1606 1037; x_wconf 80' lang='grc' dir='ltr'><strong>φ</strong></span> <span class='ocrx_word' id='word_1_86' title='bbox 1621 998 1683 1028; x_wconf 81' lang='lat'>204</span> <span class='ocrx_word' id='word_1_87' title='bbox 1698 998 1738 1027; x_wconf 78' lang='lat' dir='ltr'>of.</span> <span class='ocrx_word' id='word_1_88' title='bbox 1755 999 1844 1027; x_wconf 82' lang='lat' dir='ltr'><strong><em>v329</em></strong></span> 
     </span>
    </p>
   </div>
   <div class='ocr_carea' id='block_1_19' title="bbox 139 1097 1231 1153">
    <p class='ocr_par' dir='ltr' id='par_1_19' title="bbox 139 1097 1231 1153">
     <span class='ocr_line' id='line_1_21' title="bbox 139 1097 1231 1153; baseline -0.003 -13"><span class='ocrx_word' id='word_1_89' title='bbox 139 1109 179 1140; x_wconf 84' lang='lat'>85</span> <span class='ocrx_word' id='word_1_90' title='bbox 227 1106 351 1153; x_wconf 87' lang='grc' dir='ltr'><em>νῆσον</em></span> <span class='ocrx_word' id='word_1_91' title='bbox 376 1099 422 1148; x_wconf 61' lang='grc' dir='ltr'>ἲς</span> <span class='ocrx_word' id='word_1_92' title='bbox 451 1097 642 1153; x_wconf 79' lang='grc' dir='ltr'><em>Ὠγυγίην</em></span> <span class='ocrx_word' id='word_1_93' title='bbox 676 1097 905 1152; x_wconf 85' lang='grc' dir='ltr'><em>ὀτρύνομεν,</em></span> <span class='ocrx_word' id='word_1_94' title='bbox 937 1097 1043 1152; x_wconf 82' lang='grc' dir='ltr'><em>ὄφρα</em></span> <span class='ocrx_word' id='word_1_95' title='bbox 1074 1098 1231 1151; x_wconf 83' lang='grc' dir='ltr'><em>τάχιστα</em></span> 
     </span>
    </p>
   </div>
   <div class='ocr_carea' id='block_1_20' title="bbox 225 1174 1208 1233">
    <p class='ocr_par' dir='ltr' id='par_1_20' title="bbox 225 1174 1208 1233">
     <span class='ocr_line' id='line_1_22' title="bbox 225 1174 1208 1233; baseline -0.002 -17"><span class='ocrx_word' id='word_1_96' title='bbox 225 1177 365 1233; x_wconf 81' lang='grc' dir='ltr'><em>νύμφῃ</em></span> <span class='ocrx_word' id='word_1_97' title='bbox 399 1175 632 1233; x_wconf 76' lang='grc' dir='ltr'><em>ἐυπλοκάμῳ</em></span> <span class='ocrx_word' id='word_1_98' title='bbox 663 1176 785 1232; x_wconf 68' lang='grc' dir='ltr'><em>,Ρείπῃ</em></span> <span class='ocrx_word' id='word_1_99' title='bbox 818 1174 1009 1229; x_wconf 83' lang='grc' dir='ltr'><em>νημερτέα</em></span> <span class='ocrx_word' id='word_1_100' title='bbox 1043 1174 1208 1228; x_wconf 81' lang='grc' dir='ltr'><em>βουλὴν,</em></span> 
     </span>
    </p>
   </div>
   <div class='ocr_carea' id='block_1_21' title="bbox 229 1249 1283 1305">
    <p class='ocr_par' dir='ltr' id='par_1_21' title="bbox 229 1249 1283 1305">
     <span class='ocr_line' id='line_1_23' title="bbox 229 1249 1283 1305; baseline -0.003 -13"><span class='ocrx_word' id='word_1_101' title='bbox 229 1252 371 1293; x_wconf 86' lang='grc' dir='ltr'><em>νόστον</em></span> <span class='ocrx_word' id='word_1_102' title='bbox 398 1249 614 1304; x_wconf 77' lang='grc' dir='ltr'><em>Ὀδυσσῆος</em></span> <span class='ocrx_word' id='word_1_103' title='bbox 646 1252 948 1305; x_wconf 86' lang='grc' dir='ltr'><em>ταλασίφρονος,</em></span> <span class='ocrx_word' id='word_1_104' title='bbox 980 1252 1031 1298; x_wconf 80' lang='grc' dir='ltr'>ὥς</span> <span class='ocrx_word' id='word_1_105' title='bbox 1063 1267 1106 1290; x_wconf 90' lang='grc' dir='ltr'>κε</span> <span class='ocrx_word' id='word_1_106' title='bbox 1138 1249 1283 1302; x_wconf 82' lang='grc' dir='ltr'><em>νέηται.</em></span> 
     </span>
    </p>
   </div>
   <div class='ocr_carea' id='block_1_22' title="bbox 1521 1181 1733 1289">
    <p class='ocr_par' dir='ltr' id='par_1_22' title="bbox 1521 1181 1733 1289">
     <span class='ocr_line' id='line_1_24' title="bbox 1521 1181 1733 1212; baseline -0.009 0"><span class='ocrx_word' id='word_1_107' title='bbox 1521 1184 1560 1212; x_wconf 87' lang='grc'>86</span> <span class='ocrx_word' id='word_1_108' title='bbox 1588 1181 1629 1211; x_wconf 85' lang='lat' dir='ltr'>cf.</span> <span class='ocrx_word' id='word_1_109' title='bbox 1656 1194 1667 1211; x_wconf 88' lang='grc' dir='ltr'>ε</span> <span class='ocrx_word' id='word_1_110' title='bbox 1693 1182 1733 1211; x_wconf 90' lang='grc'>30</span> 
     </span>
     <span class='ocr_line' id='line_1_25' title="bbox 1522 1259 1729 1289; baseline -0.01 0"><span class='ocrx_word' id='word_1_111' title='bbox 1522 1259 1562 1289; x_wconf 80' lang='grc'>87</span> <span class='ocrx_word' id='word_1_112' title='bbox 1587 1274 1629 1286; x_wconf 86' lang='lat'>=</span> <span class='ocrx_word' id='word_1_113' title='bbox 1653 1271 1666 1288; x_wconf 82' lang='grc' dir='ltr'>ε</span> <span class='ocrx_word' id='word_1_114' title='bbox 1690 1259 1729 1288; x_wconf 87' lang='grc'>31</span> 
     </span>
    </p>
   </div>
   <div class='ocr_carea' id='block_1_23' title="bbox 231 1325 1336 1382">
    <p class='ocr_par' dir='ltr' id='par_1_23' title="bbox 231 1325 1336 1382">
     <span class='ocr_line' id='line_1_26' title="bbox 231 1325 1336 1382; baseline -0.002 -14"><span class='ocrx_word' id='word_1_115' title='bbox 231 1328 354 1382; x_wconf 80' lang='grc' dir='ltr'><em>αὐτὰρ</em></span> <span class='ocrx_word' id='word_1_116' title='bbox 385 1327 484 1382; x_wconf 81' lang='grc' dir='ltr'><em>ἐγὼν</em></span> <span class='ocrx_word' id='word_1_117' title='bbox 511 1325 724 1380; x_wconf 86' lang='grc' dir='ltr'><em>Ἰθάκηνδε</em></span> <span class='ocrx_word' id='word_1_118' title='bbox 757 1327 976 1379; x_wconf 82' lang='grc' dir='ltr'><em>ἐλεύσομαι,</em></span> <span class='ocrx_word' id='word_1_119' title='bbox 1008 1326 1113 1380; x_wconf 82' lang='grc' dir='ltr'><em>ὄφρα</em></span> <span class='ocrx_word' id='word_1_120' title='bbox 1145 1328 1214 1367; x_wconf 65' lang='lat' dir='ltr'>fot</span> <span class='ocrx_word' id='word_1_121' title='bbox 1245 1326 1336 1367; x_wconf 82' lang='grc' dir='ltr'><em>υἱὸν</em></span> 
     </span>
    </p>
   </div>
   <div class='ocr_carea' id='block_1_24' title="bbox 230 1402 1318 1458">
    <p class='ocr_par' dir='ltr' id='par_1_24' title="bbox 230 1402 1318 1458">
     <span class='ocr_line' id='line_1_27' title="bbox 230 1402 1318 1458; baseline -0.003 -13"><span class='ocrx_word' id='word_1_122' title='bbox 230 1408 377 1457; x_wconf 84' lang='grc' dir='ltr'><em>μᾶλλον</em></span> <span class='ocrx_word' id='word_1_123' title='bbox 410 1404 611 1458; x_wconf 86' lang='grc' dir='ltr'><em>ε’ποτρύνω</em></span> <span class='ocrx_word' id='word_1_124' title='bbox 643 1404 712 1444; x_wconf 86' lang='grc' dir='ltr'>καί</span> <span class='ocrx_word' id='word_1_125' title='bbox 739 1406 809 1444; x_wconf 67' lang='lat' dir='ltr'>foc</span> <span class='ocrx_word' id='word_1_126' title='bbox 841 1402 957 1456; x_wconf 88' lang='grc' dir='ltr'><em>μένος</em></span> <span class='ocrx_word' id='word_1_127' title='bbox 990 1402 1032 1443; x_wconf 80' lang='grc' dir='ltr'><em>ἐν</em></span> <span class='ocrx_word' id='word_1_128' title='bbox 1066 1402 1180 1457; x_wconf 84' lang='grc' dir='ltr'><em>φρεσὶ</em></span> <span class='ocrx_word' id='word_1_129' title='bbox 1213 1402 1318 1454; x_wconf 80' lang='grc' dir='ltr'><em>θήω,</em></span> 
     </span>
    </p>
   </div>
   <div class='ocr_carea' id='block_1_25' title="bbox 143 1490 184 1521">
    <p class='ocr_par' dir='ltr' id='par_1_25' title="bbox 143 1490 184 1521">
     <span class='ocr_line' id='line_1_28' title="bbox 143 1490 184 1521; baseline 0 0"><span class='ocrx_word' id='word_1_130' title='bbox 143 1490 184 1521; x_wconf 85' lang='grc'>90</span> 
     </span>
    </p>
   </div>
   <div class='ocr_carea' id='block_1_26' title="bbox 227 1553 1415 1763">
    <p class='ocr_par' dir='ltr' id='par_1_26' title="bbox 227 1553 1415 1763">
     <span class='ocr_line' id='line_1_29' title="bbox 227 1553 1282 1611; baseline -0.002 -15"><span class='ocrx_word' id='word_1_131' title='bbox 227 1563 323 1597; x_wconf 81' lang='grc' dir='ltr'><em>πᾶσι</em></span> <span class='ocrx_word' id='word_1_132' title='bbox 356 1553 606 1611; x_wconf 68' lang='grc' dir='ltr'><em>μνηστήρεσὸ</em></span> <span class='ocrx_word' id='word_1_133' title='bbox 644 1554 936 1608; x_wconf 55' lang='grc' dir='ltr'><em>ἀποᾶῑειπέμεῦ,</em></span> <span class='ocrx_word' id='word_1_134' title='bbox 968 1556 1012 1596; x_wconf 79' lang='grc' dir='ltr'>οἵ</span> <span class='ocrx_word' id='word_1_135' title='bbox 1036 1554 1076 1595; x_wconf 91' lang='grc' dir='ltr'>τέ</span> <span class='ocrx_word' id='word_1_136' title='bbox 1105 1557 1174 1595; x_wconf 66' lang='lat' dir='ltr'>foa</span> <span class='ocrx_word' id='word_1_137' title='bbox 1206 1554 1282 1594; x_wconf 78' lang='grc' dir='ltr'><em>αἰεὶ</em></span> 
     </span>
     <span class='ocr_line' id='line_1_30' title="bbox 229 1630 1358 1686; baseline -0.004 -13"><span class='ocrx_word' id='word_1_138' title='bbox 229 1630 313 1686; x_wconf 81' lang='grc' dir='ltr'><em>μῆλ’</em></span> <span class='ocrx_word' id='word_1_139' title='bbox 353 1631 471 1673; x_wconf 77' lang='grc' dir='ltr'><em>ἁδινὰ</em></span> <span class='ocrx_word' id='word_1_140' title='bbox 504 1633 697 1685; x_wconf 83' lang='grc' dir='ltr'><em>σφάζουσι</em></span> <span class='ocrx_word' id='word_1_141' title='bbox 728 1632 793 1672; x_wconf 83' lang='grc' dir='ltr'>καὶ</span> <span class='ocrx_word' id='word_1_142' title='bbox 828 1633 1026 1679; x_wconf 81' lang='grc' dir='ltr'><em>εἰλίποδας</em></span> <span class='ocrx_word' id='word_1_143' title='bbox 1058 1630 1218 1678; x_wconf 56' lang='grc' dir='ltr'><em>,Ἠέλικας</em></span> <span class='ocrx_word' id='word_1_144' title='bbox 1250 1632 1358 1683; x_wconf 83' lang='grc' dir='ltr'><em>βοῦς.</em></span> 
     </span>
     <span class='ocr_line' id='line_1_31' title="bbox 227 1705 1415 1763; baseline -0.003 -14"><span class='ocrx_word' id='word_1_145' title='bbox 227 1708 373 1761; x_wconf 82' lang='grc' dir='ltr'><em>πέμψω</em></span> <span class='ocrx_word' id='word_1_146' title='bbox 407 1706 443 1749; x_wconf 79' lang='grc' dir='ltr'>δ’</span> <span class='ocrx_word' id='word_1_147' title='bbox 482 1708 519 1757; x_wconf 80' lang='grc' dir='ltr'>ἐς</span> <span class='ocrx_word' id='word_1_148' title='bbox 551 1709 742 1763; x_wconf 89' lang='grc' dir='ltr'><em>Σπάρτην</em></span> <span class='ocrx_word' id='word_1_149' title='bbox 774 1724 813 1749; x_wconf 92' lang='grc' dir='ltr'>τε</span> <span class='ocrx_word' id='word_1_150' title='bbox 843 1707 909 1748; x_wconf 79' lang='grc' dir='ltr'>καὶ</span> <span class='ocrx_word' id='word_1_151' title='bbox 943 1707 980 1756; x_wconf 80' lang='grc' dir='ltr'>ἐς</span> <span class='ocrx_word' id='word_1_152' title='bbox 1013 1709 1152 1748; x_wconf 91' lang='grc' dir='ltr'><em>Πύλον</em></span> <span class='ocrx_word' id='word_1_153' title='bbox 1186 1705 1415 1759; x_wconf 82' lang='grc' dir='ltr'><em>ἠμαθόεντα</em></span> 
     </span>
    </p>
   </div>
   <div class='ocr_carea' id='block_1_27' title="bbox 81 1888 936 2672">
    <p class='ocr_par' dir='ltr' id='par_1_27' title="bbox 81 1888 934 2080">
     <span class='ocr_line' id='line_1_32' title="bbox 124 1888 933 1933; baseline 0 -11"><span class='ocrx_word' id='word_1_154' title='bbox 124 1889 168 1922; x_wconf 77' lang='grc'>76</span> <span class='ocrx_word' id='word_1_155' title='bbox 193 1889 284 1930; x_wconf 75' lang='grc' dir='ltr'><em>*ἦμες</em></span> <span class='ocrx_word' id='word_1_156' title='bbox 308 1888 405 1933; x_wconf 70' lang='lat' dir='ltr'>zolde]</span> <span class='ocrx_word' id='word_1_157' title='bbox 429 1891 526 1930; x_wconf 69' lang='grc' dir='ltr'><em>ἄμμες</em></span> <span class='ocrx_word' id='word_1_158' title='bbox 549 1892 630 1922; x_wconf 84' lang='grc' dir='ltr'><em>τοίδε</em></span> <span class='ocrx_word' id='word_1_159' title='bbox 654 1892 747 1929; x_wconf 84' lang='lat' dir='ltr'>Fick,</span> <span class='ocrx_word' id='word_1_160' title='bbox 769 1893 850 1931; x_wconf 73' lang='grc' dir='ltr'><em>ἡμεῖς</em></span> <span class='ocrx_word' id='word_1_161' title='bbox 871 1891 933 1922; x_wconf 76' lang='grc' dir='ltr'><em>οἵδε</em></span> 
     </span>
     <span class='ocr_line' id='line_1_33' title="bbox 81 1941 934 1987; baseline 0 -13"><span class='ocrx_word' id='word_1_162' title='bbox 81 1944 178 1974; x_wconf 86' lang='lat' dir='ltr'><strong>codd.</strong></span> <span class='ocrx_word' id='word_1_163' title='bbox 209 1942 221 1985; x_wconf 86' lang='grc' dir='ltr'>Η</span> <span class='ocrx_word' id='word_1_164' title='bbox 248 1941 524 1987; x_wconf 70' lang='grc' dir='ltr'><em>περιφραζώμεθα]</em></span> <span class='ocrx_word' id='word_1_165' title='bbox 546 1945 609 1974; x_wconf 92' lang='lat' dir='ltr'>hoc</span> <span class='ocrx_word' id='word_1_166' title='bbox 630 1954 697 1975; x_wconf 93' lang='lat' dir='ltr'>uno</span> <span class='ocrx_word' id='word_1_167' title='bbox 718 1945 792 1975; x_wconf 91' lang='lat' dir='ltr'>loco</span> <span class='ocrx_word' id='word_1_168' title='bbox 810 1945 934 1983; x_wconf 80' lang='lat' dir='ltr'>legitur</span> 
     </span>
     <span class='ocr_line' id='line_1_34' title="bbox 81 1998 933 2040; baseline 0 -13"><span class='ocrx_word' id='word_1_169' title='bbox 81 1998 325 2036; x_wconf 84' lang='lat' dir='ltr'>compositum;</span> <span class='ocrx_word' id='word_1_170' title='bbox 364 1998 406 2028; x_wconf 88' lang='lat' dir='ltr'>cf.</span> <span class='ocrx_word' id='word_1_171' title='bbox 438 1999 553 2027; x_wconf 88' lang='lat' dir='ltr'>tamen</span> <span class='ocrx_word' id='word_1_172' title='bbox 583 1998 648 2027; x_wconf 87' lang='lat' dir='ltr'>adi.</span> <span class='ocrx_word' id='word_1_173' title='bbox 680 1998 870 2040; x_wconf 65' lang='grc' dir='ltr'><em>περιφραδής</em></span> <span class='ocrx_word' id='word_1_174' title='bbox 898 1999 933 2027; x_wconf 84' lang='lat' dir='ltr'><em>A</em></span> 
     </span>
     <span class='ocr_line' id='line_1_35' title="bbox 82 2051 236 2080; baseline 0 0"><span class='ocrx_word' id='word_1_175' title='bbox 82 2051 145 2080; x_wconf 86' lang='lat'>466</span> <span class='ocrx_word' id='word_1_176' title='bbox 172 2052 236 2080; x_wconf 87' lang='lat' dir='ltr'>etc.</span> 
     </span>
    </p>

    <p class='ocr_par' dir='ltr' id='par_1_28' title="bbox 126 2097 468 2146">
     <span class='ocr_line' id='line_1_36' title="bbox 126 2097 468 2146; baseline -0.003 -12"><span class='ocrx_word' id='word_1_177' title='bbox 126 2102 167 2134; x_wconf 74' lang='lat'>78</span> <span class='ocrx_word' id='word_1_178' title='bbox 191 2097 270 2146; x_wconf 55' lang='lat' dir='ltr'>fem]</span> <span class='ocrx_word' id='word_1_179' title='bbox 296 2103 349 2133; x_wconf 84' lang='grc' dir='ltr'>τὸν</span> <span class='ocrx_word' id='word_1_180' title='bbox 373 2104 468 2134; x_wconf 84' lang='lat' dir='ltr'>Eust.</span> 
     </span>
    </p>

    <p class='ocr_par' dir='ltr' id='par_1_29' title="bbox 125 2154 817 2198">
     <span class='ocr_line' id='line_1_37' title="bbox 125 2154 817 2198; baseline 0 -12"><span class='ocrx_word' id='word_1_181' title='bbox 125 2155 167 2186; x_wconf 82' lang='grc'>80</span> <span class='ocrx_word' id='word_1_182' title='bbox 194 2157 322 2197; x_wconf 73' lang='grc' dir='ltr'><em>ἠμείβετ’</em></span> <span class='ocrx_word' id='word_1_183' title='bbox 350 2156 469 2196; x_wconf 74' lang='grc' dir='ltr'><em>ἔπειτα]</em></span> <span class='ocrx_word' id='word_1_184' title='bbox 495 2154 567 2186; x_wconf 74' lang='grc' dir='ltr'><em>αὖτε</em></span> <span class='ocrx_word' id='word_1_185' title='bbox 592 2156 754 2198; x_wconf 77' lang='grc' dir='ltr'><em>προσέειπε</em></span> <span class='ocrx_word' id='word_1_186' title='bbox 779 2156 817 2186; x_wconf 87' lang='lat' dir='ltr'>U.</span> 
     </span>
    </p>

    <p class='ocr_par' dir='ltr' id='par_1_30' title="bbox 81 2208 933 2302">
     <span class='ocr_line' id='line_1_38' title="bbox 127 2208 933 2252; baseline -0.002 -12"><span class='ocrx_word' id='word_1_187' title='bbox 127 2209 169 2240; x_wconf 82' lang='grc'>83</span> <span class='ocrx_word' id='word_1_188' title='bbox 193 2210 387 2252; x_wconf 79' lang='grc' dir='ltr'><em>πολύφρονα]</em></span> <span class='ocrx_word' id='word_1_189' title='bbox 424 2210 576 2252; x_wconf 60' lang='grc' dir='ltr'><em>δαΐφρονα</em></span> <span class='ocrx_word' id='word_1_190' title='bbox 608 2210 642 2239; x_wconf 88' lang='grc' dir='ltr'><em>Μ</em></span> <span class='ocrx_word' id='word_1_191' title='bbox 673 2210 741 2246; x_wconf 81' lang='lat' dir='ltr'>alii,</span> <span class='ocrx_word' id='word_1_192' title='bbox 775 2209 835 2239; x_wconf 81' lang='lat' dir='ltr'>sed</span> <span class='ocrx_word' id='word_1_193' title='bbox 867 2208 933 2239; x_wconf 83' lang='lat' dir='ltr'>vid.</span> 
     </span>
     <span class='ocr_line' id='line_1_39' title="bbox 81 2263 320 2302; baseline -0.004 -9"><span class='ocrx_word' id='word_1_194' title='bbox 81 2272 129 2293; x_wconf 83' lang='lat' dir='ltr'>vs.</span> <span class='ocrx_word' id='word_1_195' title='bbox 153 2263 320 2302; x_wconf 86' lang='lat' dir='ltr'>paralleli.</span> 
     </span>
    </p>

    <p class='ocr_par' dir='ltr' id='par_1_31' title="bbox 81 2315 935 2513">
     <span class='ocr_line' id='line_1_40' title="bbox 127 2315 934 2354; baseline -0.002 -8"><span class='ocrx_word' id='word_1_196' title='bbox 127 2315 170 2346; x_wconf 76' lang='lat'>84</span> <span class='ocrx_word' id='word_1_197' title='bbox 201 2316 272 2354; x_wconf 72' lang='grc' dir='ltr'><em>μὲν]</em></span> <span class='ocrx_word' id='word_1_198' title='bbox 310 2316 391 2345; x_wconf 87' lang='lat' dir='ltr'>olim</span> <span class='ocrx_word' id='word_1_199' title='bbox 422 2316 528 2346; x_wconf 84' lang='lat' dir='ltr'>fuisse</span> <span class='ocrx_word' id='word_1_200' title='bbox 562 2316 599 2354; x_wconf 74' lang='grc' dir='ltr'><em>δι’]</em></span> <span class='ocrx_word' id='word_1_201' title='bbox 630 2317 722 2346; x_wconf 91' lang='lat' dir='ltr'>recte</span> <span class='ocrx_word' id='word_1_202' title='bbox 759 2315 934 2345; x_wconf 86' lang='lat' dir='ltr'>contendit</span> 
     </span>
     <span class='ocr_line' id='line_1_41' title="bbox 81 2369 933 2405; baseline -0.002 -5"><span class='ocrx_word' id='word_1_203' title='bbox 81 2369 271 2405; x_wconf 81' lang='lat' dir='ltr'>Kirchhoff3</span> <span class='ocrx_word' id='word_1_204' title='bbox 292 2378 311 2398; x_wconf 85' lang='lat' dir='ltr'>a</span> <span class='ocrx_word' id='word_1_205' title='bbox 324 2369 538 2399; x_wconf 74' lang='lat' dir='ltr'>diasceuasta</span> <span class='ocrx_word' id='word_1_206' title='bbox 551 2369 640 2398; x_wconf 88' lang='lat' dir='ltr'>enim</span> <span class='ocrx_word' id='word_1_207' title='bbox 659 2377 732 2398; x_wconf 76' lang='lat' dir='ltr'>esse</span> <span class='ocrx_word' id='word_1_208' title='bbox 754 2370 933 2404; x_wconf 85' lang='lat' dir='ltr'>mutatum,</span> 
     </span>
     <span class='ocr_line' id='line_1_42' title="bbox 82 2421 935 2460; baseline -0.002 -8"><span class='ocrx_word' id='word_1_209' title='bbox 82 2424 121 2452; x_wconf 85' lang='lat' dir='ltr'>ut</span> <span class='ocrx_word' id='word_1_210' title='bbox 143 2422 350 2452; x_wconf 88' lang='lat' dir='ltr'>Mercurium</span> <span class='ocrx_word' id='word_1_211' title='bbox 374 2424 561 2460; x_wconf 87' lang='lat' dir='ltr'>opponeret</span> <span class='ocrx_word' id='word_1_212' title='bbox 585 2422 773 2457; x_wconf 84' lang='lat' dir='ltr'>Minervae3</span> <span class='ocrx_word' id='word_1_213' title='bbox 799 2421 865 2451; x_wconf 86' lang='lat' dir='ltr'>vid.</span> <span class='ocrx_word' id='word_1_214' title='bbox 892 2421 935 2450; x_wconf 86' lang='lat' dir='ltr'>ad</span> 
     </span>
     <span class='ocr_line' id='line_1_43' title="bbox 82 2476 298 2513; baseline 0 -8"><span class='ocrx_word' id='word_1_215' title='bbox 82 2484 131 2505; x_wconf 83' lang='lat' dir='ltr'>vs.</span> <span class='ocrx_word' id='word_1_216' title='bbox 158 2476 198 2505; x_wconf 88' lang='lat'>88</span> <span class='ocrx_word' id='word_1_217' title='bbox 224 2483 298 2513; x_wconf 88' lang='lat' dir='ltr'>sqq.</span> 
     </span>
    </p>

    <p class='ocr_par' dir='ltr' id='par_1_32' title="bbox 84 2525 936 2672">
     <span class='ocr_line' id='line_1_44' title="bbox 127 2525 932 2567; baseline -0.002 -9"><span class='ocrx_word' id='word_1_218' title='bbox 127 2527 167 2559; x_wconf 88' lang='grc'>85</span> <span class='ocrx_word' id='word_1_219' title='bbox 189 2527 346 2567; x_wconf 81' lang='grc' dir='ltr'><em>Ὠγυγίην]</em></span> <span class='ocrx_word' id='word_1_220' title='bbox 363 2528 504 2566; x_wconf 80' lang='grc' dir='ltr'><em>Ὠγυλίην</em></span> <span class='ocrx_word' id='word_1_221' title='bbox 523 2527 763 2563; x_wconf 85' lang='lat' dir='ltr'>Antimachus;</span> <span class='ocrx_word' id='word_1_222' title='bbox 790 2525 932 2566; x_wconf 67' lang='lat' dir='ltr'>Oyysliam</span> 
     </span>
     <span class='ocr_line' id='line_1_45' title="bbox 84 2579 935 2620; baseline -0.004 -9"><span class='ocrx_word' id='word_1_223' title='bbox 84 2581 154 2611; x_wconf 84' lang='lat' dir='ltr'>sive</span> <span class='ocrx_word' id='word_1_224' title='bbox 193 2579 325 2620; x_wconf 70' lang='lat' dir='ltr'>oyylum</span> <span class='ocrx_word' id='word_1_225' title='bbox 358 2581 505 2611; x_wconf 85' lang='lat' dir='ltr'>insulam</span> <span class='ocrx_word' id='word_1_226' title='bbox 541 2589 648 2619; x_wconf 86' lang='lat' dir='ltr'>prope</span> <span class='ocrx_word' id='word_1_227' title='bbox 680 2580 816 2610; x_wconf 82' lang='lat' dir='ltr'>Cretam</span> <span class='ocrx_word' id='word_1_228' title='bbox 846 2588 935 2609; x_wconf 91' lang='lat' dir='ltr'>com-</span> 
     </span>
     <span class='ocr_line' id='line_1_46' title="bbox 84 2633 936 2672; baseline -0.004 -8"><span class='ocrx_word' id='word_1_229' title='bbox 84 2634 285 2664; x_wconf 79' lang='lat' dir='ltr'>memoravit</span> <span class='ocrx_word' id='word_1_230' title='bbox 318 2634 498 2668; x_wconf 82' lang='lat' dir='ltr'>Hesiodus,</span> <span class='ocrx_word' id='word_1_231' title='bbox 528 2633 622 2663; x_wconf 89' lang='lat' dir='ltr'>novit</span> <span class='ocrx_word' id='word_1_232' title='bbox 655 2633 772 2672; x_wconf 83' lang='lat' dir='ltr'>Steph.</span> <span class='ocrx_word' id='word_1_233' title='bbox 796 2633 936 2670; x_wconf 76' lang='lat' dir='ltr'>Byzant.</span> 
     </span>
    </p>
   </div>
   <div class='ocr_carea' id='block_1_28' title="bbox 85 2684 956 2727">
    <p class='ocr_par' dir='ltr' id='par_1_33' title="bbox 85 2684 956 2727">
     <span class='ocr_line' id='line_1_47' title="bbox 85 2684 956 2727; baseline -0.001 -11"><span class='ocrx_word' id='word_1_234' title='bbox 85 2695 111 2716; x_wconf 85' lang='lat' dir='ltr'>s.</span> <span class='ocrx_word' id='word_1_235' title='bbox 136 2695 166 2716; x_wconf 90' lang='lat' dir='ltr'>v.</span> <span class='ocrx_word' id='word_1_236' title='bbox 208 2684 221 2727; x_wconf 85' lang='grc' dir='ltr'>ΙΙ</span> <span class='ocrx_word' id='word_1_237' title='bbox 263 2686 412 2725; x_wconf 79' lang='grc' dir='ltr'><em>τάχιστα]</em></span> <span class='ocrx_word' id='word_1_238' title='bbox 448 2687 526 2725; x_wconf 86' lang='lat' dir='ltr'>post</span> <span class='ocrx_word' id='word_1_239' title='bbox 567 2686 762 2724; x_wconf 80' lang='lat' dir='ltr'>complures</span> <span class='ocrx_word' id='word_1_240' title='bbox 801 2685 956 2715; x_wconf 86' lang='lat' dir='ltr'>demum&#39;</span> 
     </span>
    </p>
   </div>
   <div class='ocr_carea' id='block_1_29' title="bbox 87 2736 944 3147">
    <p class='ocr_par' dir='ltr' id='par_1_34' title="bbox 87 2736 938 2883">
     <span class='ocr_line' id='line_1_48' title="bbox 87 2736 938 2781; baseline -0.002 -12"><span class='ocrx_word' id='word_1_241' title='bbox 87 2739 159 2769; x_wconf 81' lang='lat' dir='ltr'>dies</span> <span class='ocrx_word' id='word_1_242' title='bbox 189 2739 270 2769; x_wconf 89' lang='lat' dir='ltr'>illuc</span> <span class='ocrx_word' id='word_1_243' title='bbox 301 2739 448 2769; x_wconf 73' lang='lat' dir='ltr'><strong>mittitur</strong></span> <span class='ocrx_word' id='word_1_244' title='bbox 479 2737 506 2781; x_wconf 83' lang='grc' dir='ltr'>(ε</span> <span class='ocrx_word' id='word_1_245' title='bbox 532 2736 606 2780; x_wconf 89' lang='grc'>30);</span> <span class='ocrx_word' id='word_1_246' title='bbox 639 2740 848 2777; x_wconf 87' lang='lat' dir='ltr'>quapropter</span> <span class='ocrx_word' id='word_1_247' title='bbox 880 2747 938 2767; x_wconf 80' lang='grc' dir='ltr'>πα-</span> 
     </span>
     <span class='ocr_line' id='line_1_49' title="bbox 87 2792 938 2833; baseline -0.001 -12"><span class='ocrx_word' id='word_1_248' title='bbox 87 2792 200 2833; x_wconf 77' lang='grc' dir='ltr'><em>ραστὰς</em></span> <span class='ocrx_word' id='word_1_249' title='bbox 221 2792 365 2822; x_wconf 82' lang='lat' dir='ltr'>coniecit</span> <span class='ocrx_word' id='word_1_250' title='bbox 384 2792 508 2827; x_wconf 83' lang='lat' dir='ltr'>Lehrs;</span> <span class='ocrx_word' id='word_1_251' title='bbox 534 2794 568 2822; x_wconf 89' lang='lat' dir='ltr'>at</span> <span class='ocrx_word' id='word_1_252' title='bbox 591 2792 657 2822; x_wconf 86' lang='lat' dir='ltr'>vid.</span> <span class='ocrx_word' id='word_1_253' title='bbox 672 2792 714 2821; x_wconf 89' lang='lat' dir='ltr'>ad</span> <span class='ocrx_word' id='word_1_254' title='bbox 734 2801 782 2821; x_wconf 87' lang='lat' dir='ltr'>vs.</span> <span class='ocrx_word' id='word_1_255' title='bbox 806 2793 846 2821; x_wconf 88' lang='lat'>88</span> <span class='ocrx_word' id='word_1_256' title='bbox 865 2800 938 2829; x_wconf 85' lang='lat' dir='ltr'>sqq.</span> 
     </span>
     <span class='ocr_line' id='line_1_50' title="bbox 132 2843 543 2883; baseline 0.002 -10"><span class='ocrx_word' id='word_1_257' title='bbox 132 2843 189 2882; x_wconf 80' lang='lat'>8⁷]</span> <span class='ocrx_word' id='word_1_258' title='bbox 215 2844 353 2874; x_wconf 81' lang='lat' dir='ltr'>damnat</span> <span class='ocrx_word' id='word_1_259' title='bbox 377 2845 543 2883; x_wconf 85' lang='lat' dir='ltr'>PKnight.</span> 
     </span>
    </p>

    <p class='ocr_par' dir='ltr' id='par_1_35' title="bbox 88 2894 944 3147">
     <span class='ocr_line' id='line_1_51' title="bbox 134 2894 940 2936; baseline -0.002 -10"><span class='ocrx_word' id='word_1_260' title='bbox 134 2895 175 2926; x_wconf 80' lang='lat'>88</span> <span class='ocrx_word' id='word_1_261' title='bbox 199 2897 290 2936; x_wconf 84' lang='lat' dir='ltr'>sqq.]</span> <span class='ocrx_word' id='word_1_262' title='bbox 316 2897 358 2927; x_wconf 84' lang='lat' dir='ltr'>ab</span> <span class='ocrx_word' id='word_1_263' title='bbox 383 2897 521 2936; x_wconf 86' lang='lat' dir='ltr'>antiquo</span> <span class='ocrx_word' id='word_1_264' title='bbox 547 2897 707 2934; x_wconf 88' lang='lat' dir='ltr'><strong>carmine,</strong></span> <span class='ocrx_word' id='word_1_265' title='bbox 733 2905 800 2934; x_wconf 92' lang='lat' dir='ltr'>quo</span> <span class='ocrx_word' id='word_1_266' title='bbox 837 2894 940 2925; x_wconf 57' lang='lat' dir='ltr'>Ulizis</span> 
     </span>
     <span class='ocr_line' id='line_1_52' title="bbox 89 2947 939 2987; baseline -0.001 -9"><span class='ocrx_word' id='word_1_267' title='bbox 89 2947 211 2979; x_wconf 79' lang='lat' dir='ltr'>redz&#39;tus</span> <span class='ocrx_word' id='word_1_268' title='bbox 225 2949 471 2987; x_wconf 83' lang='lat' dir='ltr'>celebrabatur,</span> <span class='ocrx_word' id='word_1_269' title='bbox 493 2950 603 2980; x_wconf 85' lang='lat' dir='ltr'>aliena</span> <span class='ocrx_word' id='word_1_270' title='bbox 617 2959 691 2979; x_wconf 85' lang='lat' dir='ltr'>esse</span> <span class='ocrx_word' id='word_1_271' title='bbox 706 2958 792 2987; x_wconf 86' lang='lat' dir='ltr'>quac</span> <span class='ocrx_word' id='word_1_272' title='bbox 806 2949 883 2978; x_wconf 85' lang='lat' dir='ltr'>inde</span> <span class='ocrx_word' id='word_1_273' title='bbox 898 2948 939 2977; x_wconf 87' lang='lat' dir='ltr'>ab</span> 
     </span>
     <span class='ocr_line' id='line_1_53' title="bbox 88 3001 942 3041; baseline -0.001 -10"><span class='ocrx_word' id='word_1_274' title='bbox 88 3001 152 3032; x_wconf 87' lang='lat' dir='ltr'>hoc</span> <span class='ocrx_word' id='word_1_275' title='bbox 173 3010 273 3032; x_wconf 84' lang='lat' dir='ltr'>versu</span> <span class='ocrx_word' id='word_1_276' title='bbox 294 3011 402 3041; x_wconf 86' lang='lat' dir='ltr'>usque</span> <span class='ocrx_word' id='word_1_277' title='bbox 424 3003 465 3032; x_wconf 88' lang='lat' dir='ltr'>ad</span> <span class='ocrx_word' id='word_1_278' title='bbox 479 3016 491 3033; x_wconf 74' lang='grc' dir='ltr'>ε</span> <span class='ocrx_word' id='word_1_279' title='bbox 506 3004 546 3033; x_wconf 87' lang='grc'>27</span> <span class='ocrx_word' id='word_1_280' title='bbox 560 3003 730 3041; x_wconf 84' lang='lat' dir='ltr'>leguntur,</span> <span class='ocrx_word' id='word_1_281' title='bbox 751 3002 942 3031; x_wconf 86' lang='lat' dir='ltr'>luculenter</span> 
     </span>
     <span class='ocr_line' id='line_1_54' title="bbox 91 3054 941 3085; baseline -0.001 -1"><span class='ocrx_word' id='word_1_282' title='bbox 91 3054 337 3084; x_wconf 83' lang='lat' dir='ltr'>demonstravit</span> <span class='ocrx_word' id='word_1_283' title='bbox 356 3055 539 3085; x_wconf 86' lang='lat' dir='ltr'>Kirchhoff.</span> <span class='ocrx_word' id='word_1_284' title='bbox 561 3056 588 3085; x_wconf 92' lang='lat' dir='ltr'>A</span> <span class='ocrx_word' id='word_1_285' title='bbox 604 3055 816 3085; x_wconf 81' lang='lat' dir='ltr'>diasceuasta</span> <span class='ocrx_word' id='word_1_286' title='bbox 836 3055 941 3083; x_wconf 85' lang='lat' dir='ltr'>inser-</span> 
     </span>
     <span class='ocr_line' id='line_1_55' title="bbox 98 3107 944 3147; baseline -0.001 -10"><span class='ocrx_word' id='word_1_287' title='bbox 98 3109 172 3137; x_wconf 87' lang='lat' dir='ltr'>tum</span> <span class='ocrx_word' id='word_1_288' title='bbox 207 3109 259 3138; x_wconf 86' lang='lat' dir='ltr'>est</span> <span class='ocrx_word' id='word_1_289' title='bbox 289 3107 381 3138; x_wconf 80' lang='lat' dir='ltr'>aliud</span> <span class='ocrx_word' id='word_1_290' title='bbox 416 3117 508 3147; x_wconf 86' lang='lat' dir='ltr'>epos,</span> <span class='ocrx_word' id='word_1_291' title='bbox 536 3109 570 3138; x_wconf 90' lang='lat' dir='ltr'>id</span> <span class='ocrx_word' id='word_1_292' title='bbox 595 3118 730 3147; x_wconf 89' lang='lat' dir='ltr'>quoque</span> <span class='ocrx_word' id='word_1_293' title='bbox 755 3108 944 3145; x_wconf 81' lang='lat' dir='ltr'>antiquum,</span> 
     </span>
    </p>
   </div>
   <div class='ocr_carea' id='block_1_30' title="bbox 968 1895 979 3114">
    <p class='ocr_par' dir='ltr' id='par_1_36' title="bbox 968 1895 979 3114">
     <span class='ocr_line' id='line_1_56' title="bbox 968 1895 979 3114; baseline 0 0"><span class='ocrx_word' id='word_1_294' title='bbox 968 1895 979 3114; x_wconf 95' lang='lat' dir='ltr'> </span> 
     </span>
    </p>
   </div>
   <div class='ocr_carea' id='block_1_31' title="bbox 235 1479 1320 1535">
    <p class='ocr_par' dir='ltr' id='par_1_37' title="bbox 235 1479 1320 1535">
     <span class='ocr_line' id='line_1_57' title="bbox 235 1479 1320 1535; baseline -0.003 -14"><span class='ocrx_word' id='word_1_295' title='bbox 235 1481 289 1529; x_wconf 84' lang='grc' dir='ltr'>εἰς</span> <span class='ocrx_word' id='word_1_296' title='bbox 321 1480 471 1535; x_wconf 80' lang='grc' dir='ltr'><em>ἀγορὴν</em></span> <span class='ocrx_word' id='word_1_297' title='bbox 507 1480 724 1521; x_wconf 87' lang='grc' dir='ltr'><em>καλέσαντα</em></span> <span class='ocrx_word' id='word_1_298' title='bbox 756 1481 857 1534; x_wconf 89' lang='grc' dir='ltr'><em>κάρη</em></span> <span class='ocrx_word' id='word_1_299' title='bbox 890 1480 1111 1532; x_wconf 90' lang='grc' dir='ltr'><em>κομάοντας</em></span> <span class='ocrx_word' id='word_1_300' title='bbox 1144 1479 1320 1531; x_wconf 75' lang='grc' dir='ltr'><em>Ἀχαιοὺς</em></span> 
     </span>
    </p>
   </div>
   <div class='ocr_carea' id='block_1_32' title="bbox 1522 1560 1849 1599">
    <p class='ocr_par' dir='ltr' id='par_1_38' title="bbox 1522 1560 1849 1599">
     <span class='ocr_line' id='line_1_58' title="bbox 1522 1560 1849 1599; baseline -0.006 -8"><span class='ocrx_word' id='word_1_301' title='bbox 1522 1560 1790 1599; x_wconf 73' lang='lat' dir='ltr'>91bsq.=d319</span> <span class='ocrx_word' id='word_1_302' title='bbox 1800 1568 1849 1596; x_wconf 85' lang='lat' dir='ltr'>sq.</span> 
     </span>
    </p>
   </div>
   <div class='ocr_carea' id='block_1_33' title="bbox 1521 1636 1775 1668">
    <p class='ocr_par' dir='ltr' id='par_1_39' title="bbox 1521 1636 1775 1668">
     <span class='ocr_line' id='line_1_59' title="bbox 1521 1636 1775 1668; baseline -0.008 0"><span class='ocrx_word' id='word_1_303' title='bbox 1521 1636 1580 1668; x_wconf 63' lang='lat'>92¹³</span> <span class='ocrx_word' id='word_1_304' title='bbox 1604 1653 1647 1664; x_wconf 74' lang='lat'>-—-</span> <span class='ocrx_word' id='word_1_305' title='bbox 1672 1641 1692 1667; x_wconf 88' lang='lat' dir='ltr'><em>I</em></span> <span class='ocrx_word' id='word_1_306' title='bbox 1713 1638 1775 1667; x_wconf 84' lang='lat'>466</span> 
     </span>
    </p>
   </div>
   <div class='ocr_carea' id='block_1_34' title="bbox 1521 1699 1851 1784">
    <p class='ocr_par' dir='ltr' id='par_1_40' title="bbox 1521 1699 1851 1784">
     <span class='ocr_line' id='line_1_60' title="bbox 1521 1699 1849 1738; baseline -0.009 -9"><span class='ocrx_word' id='word_1_307' title='bbox 1521 1701 1560 1729; x_wconf 88' lang='grc'>93</span> <span class='ocrx_word' id='word_1_308' title='bbox 1573 1708 1621 1738; x_wconf 86' lang='lat' dir='ltr'>sq.</span> <span class='ocrx_word' id='word_1_309' title='bbox 1633 1699 1675 1729; x_wconf 85' lang='lat' dir='ltr'>cf.</span> <span class='ocrx_word' id='word_1_310' title='bbox 1689 1703 1708 1738; x_wconf 78' lang='grc' dir='ltr'>ρ’</span> <span class='ocrx_word' id='word_1_311' title='bbox 1723 1699 1785 1728; x_wconf 87' lang='grc'>359</span> <span class='ocrx_word' id='word_1_312' title='bbox 1800 1707 1849 1735; x_wconf 86' lang='lat' dir='ltr'>sq.</span> 
     </span>
     <span class='ocr_line' id='line_1_61' title="bbox 1521 1744 1851 1784; baseline -0.009 -9"><span class='ocrx_word' id='word_1_313' title='bbox 1521 1745 1561 1775; x_wconf 88' lang='lat'>93</span> <span class='ocrx_word' id='word_1_314' title='bbox 1573 1744 1686 1782; x_wconf 73' lang='lat' dir='ltr'>sq.²cf.</span> <span class='ocrx_word' id='word_1_315' title='bbox 1696 1747 1716 1784; x_wconf 73' lang='grc' dir='ltr'><em>β</em></span> <span class='ocrx_word' id='word_1_316' title='bbox 1728 1744 1790 1773; x_wconf 82' lang='grc'>214</span> <span class='ocrx_word' id='word_1_317' title='bbox 1801 1752 1851 1781; x_wconf 87' lang='lat' dir='ltr'>sq.</span> 
     </span>
    </p>
   </div>
   <div class='ocr_carea' id='block_1_35' title="bbox 1001 1886 1862 3145">
    <p class='ocr_par' dir='ltr' id='par_1_41' title="bbox 1001 1886 1858 2451">
     <span class='ocr_line' id='line_1_62' title="bbox 1002 1886 1852 1929; baseline -0.005 -8"><span class='ocrx_word' id='word_1_318' title='bbox 1002 1891 1036 1921; x_wconf 89' lang='lat' dir='ltr'>in</span> <span class='ocrx_word' id='word_1_319' title='bbox 1058 1899 1125 1929; x_wconf 90' lang='lat' dir='ltr'>quo</span> <span class='ocrx_word' id='word_1_320' title='bbox 1146 1889 1404 1920; x_wconf 85' lang='lat' dir='ltr'>describebatur</span> <span class='ocrx_word' id='word_1_321' title='bbox 1429 1886 1604 1919; x_wconf 78' lang='lat' dir='ltr'>Telemachi</span> <span class='ocrx_word' id='word_1_322' title='bbox 1625 1889 1745 1927; x_wconf 70' lang='lat' dir='ltr'>patrem</span> <span class='ocrx_word' id='word_1_323' title='bbox 1759 1896 1852 1926; x_wconf 77' lang='lat' dir='ltr'>quae-</span> 
     </span>
     <span class='ocr_line' id='line_1_63' title="bbox 1001 1940 1854 1981; baseline -0.005 -8"><span class='ocrx_word' id='word_1_324' title='bbox 1001 1942 1101 1974; x_wconf 76' lang='lat' dir='ltr'>rentis</span> <span class='ocrx_word' id='word_1_325' title='bbox 1120 1942 1198 1979; x_wconf 58' lang='lat' dir='ltr'>ilem</span> <span class='ocrx_word' id='word_1_326' title='bbox 1224 1943 1316 1981; x_wconf 91' lang='lat' dir='ltr'>quod</span> <span class='ocrx_word' id='word_1_327' title='bbox 1341 1951 1423 1981; x_wconf 86' lang='lat' dir='ltr'>epos</span> <span class='ocrx_word' id='word_1_328' title='bbox 1450 1942 1642 1971; x_wconf 85' lang='lat' dir='ltr'>continetur</span> <span class='ocrx_word' id='word_1_329' title='bbox 1663 1941 1733 1970; x_wconf 85' lang='lat' dir='ltr'>fere</span> <span class='ocrx_word' id='word_1_330' title='bbox 1758 1940 1854 1969; x_wconf 87' lang='lat' dir='ltr'>libris</span> 
     </span>
     <span class='ocr_line' id='line_1_64' title="bbox 1001 1991 1855 2038; baseline -0.007 -11"><span class='ocrx_word' id='word_1_331' title='bbox 1001 2001 1022 2038; x_wconf 74' lang='grc' dir='ltr'><em>β</em></span> <span class='ocrx_word' id='word_1_332' title='bbox 1038 1998 1053 2027; x_wconf 93' lang='grc'>1</span> <span class='ocrx_word' id='word_1_333' title='bbox 1069 2015 1108 2018; x_wconf 85' lang='lat'><strong>—</strong></span> <span class='ocrx_word' id='word_1_334' title='bbox 1124 1997 1140 2026; x_wconf 83' lang='grc' dir='ltr'>ὁ</span> <span class='ocrx_word' id='word_1_335' title='bbox 1168 1997 1242 2026; x_wconf 83' lang='lat'>623.</span> <span class='ocrx_word' id='word_1_336' title='bbox 1256 1996 1328 2035; x_wconf 90' lang='lat' dir='ltr'>Ipsi</span> <span class='ocrx_word' id='word_1_337' title='bbox 1349 1995 1582 2025; x_wconf 83' lang='lat' dir='ltr'>diasceuastae</span> <span class='ocrx_word' id='word_1_338' title='bbox 1604 1991 1675 2035; x_wconf 91' lang='lat' dir='ltr'>(cui</span> <span class='ocrx_word' id='word_1_339' title='bbox 1699 1992 1855 2032; x_wconf 57' lang='lat' dir='ltr'>(ysnaetlzo</span> 
     </span>
     <span class='ocr_line' id='line_1_65' title="bbox 1002 2044 1858 2088; baseline -0.007 -8"><span class='ocrx_word' id='word_1_340' title='bbox 1002 2059 1125 2080; x_wconf 89' lang='lat' dir='ltr'>nomen</span> <span class='ocrx_word' id='word_1_341' title='bbox 1161 2050 1268 2079; x_wconf 85' lang='lat' dir='ltr'>fuisse</span> <span class='ocrx_word' id='word_1_342' title='bbox 1303 2049 1411 2078; x_wconf 85' lang='lat' dir='ltr'>Fickii</span> <span class='ocrx_word' id='word_1_343' title='bbox 1445 2049 1498 2078; x_wconf 85' lang='lat' dir='ltr'>est</span> <span class='ocrx_word' id='word_1_344' title='bbox 1528 2044 1655 2088; x_wconf 83' lang='lat' dir='ltr'>opinio)</span> <span class='ocrx_word' id='word_1_345' title='bbox 1680 2045 1858 2075; x_wconf 81' lang='lat' dir='ltr'>Kirchhoff</span> 
     </span>
     <span class='ocr_line' id='line_1_66' title="bbox 1002 2099 1855 2138; baseline -0.007 -5"><span class='ocrx_word' id='word_1_346' title='bbox 1002 2103 1121 2133; x_wconf 88' lang='lat' dir='ltr'>tribuit</span> <span class='ocrx_word' id='word_1_347' title='bbox 1155 2111 1275 2132; x_wconf 84' lang='lat' dir='ltr'>versus</span> <span class='ocrx_word' id='word_1_348' title='bbox 1305 2114 1324 2131; x_wconf 88' lang='grc' dir='ltr'>α</span> <span class='ocrx_word' id='word_1_349' title='bbox 1357 2103 1397 2131; x_wconf 88' lang='grc'>88</span> <span class='ocrx_word' id='word_1_350' title='bbox 1430 2109 1504 2138; x_wconf 89' lang='lat' dir='ltr'>sqq.</span> <span class='ocrx_word' id='word_1_351' title='bbox 1536 2108 1645 2138; x_wconf 88' lang='lat' dir='ltr'>usque</span> <span class='ocrx_word' id='word_1_352' title='bbox 1678 2099 1720 2128; x_wconf 85' lang='lat' dir='ltr'>ad</span> <span class='ocrx_word' id='word_1_353' title='bbox 1752 2099 1855 2128; x_wconf 90' lang='lat' dir='ltr'>finem</span> 
     </span>
     <span class='ocr_line' id='line_1_67' title="bbox 1003 2151 1855 2186; baseline -0.007 0"><span class='ocrx_word' id='word_1_354' title='bbox 1003 2156 1081 2186; x_wconf 86' lang='lat' dir='ltr'>libri</span> <span class='ocrx_word' id='word_1_355' title='bbox 1095 2158 1129 2186; x_wconf 93' lang='lat' dir='ltr'>et</span> <span class='ocrx_word' id='word_1_356' title='bbox 1143 2156 1159 2185; x_wconf 79' lang='grc' dir='ltr'><em>δ</em></span> <span class='ocrx_word' id='word_1_357' title='bbox 1174 2156 1288 2185; x_wconf 84' lang='lat'>624—</span> <span class='ocrx_word' id='word_1_358' title='bbox 1304 2168 1316 2184; x_wconf 87' lang='grc' dir='ltr'>ε</span> <span class='ocrx_word' id='word_1_359' title='bbox 1340 2155 1391 2184; x_wconf 82' lang='lat'>27.</span> <span class='ocrx_word' id='word_1_360' title='bbox 1412 2155 1512 2184; x_wconf 87' lang='lat' dir='ltr'>Niese</span> <span class='ocrx_word' id='word_1_361' title='bbox 1534 2155 1648 2183; x_wconf 83' lang='lat' dir='ltr'>tamen</span> <span class='ocrx_word' id='word_1_362' title='bbox 1672 2152 1778 2182; x_wconf 85' lang='lat' dir='ltr'>Seeck</span> <span class='ocrx_word' id='word_1_363' title='bbox 1799 2151 1855 2180; x_wconf 86' lang='lat' dir='ltr'>alii</span> 
     </span>
     <span class='ocr_line' id='line_1_68' title="bbox 1004 2206 1855 2247; baseline -0.007 -8"><span class='ocrx_word' id='word_1_364' title='bbox 1004 2211 1130 2247; x_wconf 87' lang='lat' dir='ltr'>negant</span> <span class='ocrx_word' id='word_1_365' title='bbox 1165 2217 1301 2238; x_wconf 89' lang='lat' dir='ltr'>carmen</span> <span class='ocrx_word' id='word_1_366' title='bbox 1332 2217 1394 2246; x_wconf 87' lang='lat' dir='ltr'>per</span> <span class='ocrx_word' id='word_1_367' title='bbox 1421 2216 1457 2237; x_wconf 84' lang='lat' dir='ltr'>se</span> <span class='ocrx_word' id='word_1_368' title='bbox 1486 2206 1681 2236; x_wconf 86' lang='lat' dir='ltr'>absolutum</span> <span class='ocrx_word' id='word_1_369' title='bbox 1705 2213 1855 2242; x_wconf 88' lang='lat' dir='ltr'>unquam</span> 
     </span>
     <span class='ocr_line' id='line_1_69' title="bbox 1006 2258 1855 2300; baseline -0.008 -7"><span class='ocrx_word' id='word_1_370' title='bbox 1006 2263 1158 2293; x_wconf 83' lang='lat' dir='ltr'>extitisse</span> <span class='ocrx_word' id='word_1_371' title='bbox 1184 2262 1274 2300; x_wconf 88' lang='lat' dir='ltr'>quod</span> <span class='ocrx_word' id='word_1_372' title='bbox 1299 2261 1383 2290; x_wconf 89' lang='lat' dir='ltr'>nihil</span> <span class='ocrx_word' id='word_1_373' title='bbox 1404 2261 1468 2290; x_wconf 90' lang='lat' dir='ltr'>nisi</span> <span class='ocrx_word' id='word_1_374' title='bbox 1490 2259 1685 2289; x_wconf 84' lang='lat' dir='ltr'>Telemachi</span> <span class='ocrx_word' id='word_1_375' title='bbox 1700 2258 1763 2287; x_wconf 88' lang='lat' dir='ltr'>iter</span> <span class='ocrx_word' id='word_1_376' title='bbox 1778 2266 1855 2287; x_wconf 87' lang='lat' dir='ltr'>con-</span> 
     </span>
     <span class='ocr_line' id='line_1_70' title="bbox 1005 2311 1856 2353; baseline -0.008 -7"><span class='ocrx_word' id='word_1_377' title='bbox 1005 2316 1139 2352; x_wconf 86' lang='lat' dir='ltr'>tineret,</span> <span class='ocrx_word' id='word_1_378' title='bbox 1165 2315 1226 2345; x_wconf 82' lang='lat' dir='ltr'>sed</span> <span class='ocrx_word' id='word_1_379' title='bbox 1250 2324 1289 2344; x_wconf 92' lang='lat' dir='ltr'>eo</span> <span class='ocrx_word' id='word_1_380' title='bbox 1316 2315 1391 2353; x_wconf 90' lang='lat' dir='ltr'>ipso</span> <span class='ocrx_word' id='word_1_381' title='bbox 1412 2313 1552 2343; x_wconf 82' lang='lat' dir='ltr'>consilio</span> <span class='ocrx_word' id='word_1_382' title='bbox 1573 2312 1608 2341; x_wconf 90' lang='lat' dir='ltr'>id</span> <span class='ocrx_word' id='word_1_383' title='bbox 1629 2311 1856 2349; x_wconf 80' lang='lat' dir='ltr'>excogitatum</span> 
     </span>
     <span class='ocr_line' id='line_1_71' title="bbox 1006 2365 1855 2399; baseline -0.007 -1"><span class='ocrx_word' id='word_1_384' title='bbox 1006 2378 1080 2399; x_wconf 91' lang='lat' dir='ltr'>esse</span> <span class='ocrx_word' id='word_1_385' title='bbox 1112 2367 1321 2398; x_wconf 89' lang='lat' dir='ltr'>contendunt</span> <span class='ocrx_word' id='word_1_386' title='bbox 1345 2368 1383 2396; x_wconf 90' lang='lat' dir='ltr'>ut</span> <span class='ocrx_word' id='word_1_387' title='bbox 1407 2366 1448 2395; x_wconf 90' lang='lat' dir='ltr'>ad</span> <span class='ocrx_word' id='word_1_388' title='bbox 1473 2365 1580 2396; x_wconf 78' lang='lat' dir='ltr'>Ulixis</span> <span class='ocrx_word' id='word_1_389' title='bbox 1606 2373 1736 2394; x_wconf 87' lang='lat' dir='ltr'>errores</span> <span class='ocrx_word' id='word_1_390' title='bbox 1761 2372 1855 2393; x_wconf 85' lang='lat' dir='ltr'>enar-</span> 
     </span>
     <span class='ocr_line' id='line_1_72' title="bbox 1005 2419 1551 2451; baseline -0.005 0"><span class='ocrx_word' id='word_1_391' title='bbox 1005 2422 1129 2451; x_wconf 83' lang='lat' dir='ltr'>randos</span> <span class='ocrx_word' id='word_1_392' title='bbox 1154 2421 1233 2450; x_wconf 89' lang='lat' dir='ltr'>inde</span> <span class='ocrx_word' id='word_1_393' title='bbox 1258 2421 1355 2449; x_wconf 87' lang='lat' dir='ltr'>fieret</span> <span class='ocrx_word' id='word_1_394' title='bbox 1377 2419 1551 2449; x_wconf 82' lang='lat' dir='ltr'>transitus.</span> 
     </span>
    </p>

    <p class='ocr_par' dir='ltr' id='par_1_42' title="bbox 1005 2471 1859 2779">
     <span class='ocr_line' id='line_1_73' title="bbox 1051 2471 1857 2512; baseline -0.006 -9"><span class='ocrx_word' id='word_1_395' title='bbox 1051 2473 1092 2503; x_wconf 84' lang='lat'>88</span> <span class='ocrx_word' id='word_1_396' title='bbox 1119 2473 1284 2512; x_wconf 72' lang='grc' dir='ltr'><em>Ἰθάκηνδε</em></span> <span class='ocrx_word' id='word_1_397' title='bbox 1311 2472 1488 2511; x_wconf 76' lang='grc' dir='ltr'><em>ἐλεύσομαι]</em></span> <span class='ocrx_word' id='word_1_398' title='bbox 1521 2471 1625 2510; x_wconf 76' lang='grc' dir='ltr'><em>-κηι’δ’</em></span> <span class='ocrx_word' id='word_1_399' title='bbox 1663 2471 1857 2506; x_wconf 77' lang='grc' dir='ltr'><em>ἐσελεύσομαι</em></span> 
     </span>
     <span class='ocr_line' id='line_1_74' title="bbox 1005 2522 1858 2566; baseline -0.008 -9"><span class='ocrx_word' id='word_1_400' title='bbox 1005 2527 1172 2566; x_wconf 89' lang='lat' dir='ltr'>plerique,</span> <span class='ocrx_word' id='word_1_401' title='bbox 1203 2527 1336 2564; x_wconf 79' lang='grc' dir='ltr'><em>Ἰθάκην</em></span> <span class='ocrx_word' id='word_1_402' title='bbox 1367 2528 1562 2562; x_wconf 81' lang='grc' dir='ltr'><em>ἐσελεύσομαι</em></span> <span class='ocrx_word' id='word_1_403' title='bbox 1592 2522 1633 2553; x_wconf 64' lang='grc' dir='ltr'><em>Τῖ</em></span> <span class='ocrx_word' id='word_1_404' title='bbox 1663 2525 1696 2553; x_wconf 90' lang='lat' dir='ltr'>et</span> <span class='ocrx_word' id='word_1_405' title='bbox 1720 2523 1741 2551; x_wconf 93' lang='lat' dir='ltr'>l.</span> <span class='ocrx_word' id='word_1_406' title='bbox 1769 2532 1797 2551; x_wconf 90' lang='lat' dir='ltr'>a.</span> <span class='ocrx_word' id='word_1_407' title='bbox 1824 2522 1858 2551; x_wconf 90' lang='lat' dir='ltr'>in</span> 
     </span>
     <span class='ocr_line' id='line_1_75' title="bbox 1006 2577 1858 2621; baseline -0.007 -12"><span class='ocrx_word' id='word_1_408' title='bbox 1006 2580 1112 2610; x_wconf 86' lang='lat' dir='ltr'>schol.</span> <span class='ocrx_word' id='word_1_409' title='bbox 1132 2580 1181 2609; x_wconf 84' lang='lat' dir='ltr'>Cf.</span> <span class='ocrx_word' id='word_1_410' title='bbox 1197 2583 1225 2608; x_wconf 93' lang='lat' dir='ltr'><em>Z</em></span> <span class='ocrx_word' id='word_1_411' title='bbox 1239 2579 1301 2609; x_wconf 85' lang='lat'>365</span> <span class='ocrx_word' id='word_1_412' title='bbox 1320 2591 1335 2621; x_wconf 85' lang='grc' dir='ltr'><em>ρ</em></span> <span class='ocrx_word' id='word_1_413' title='bbox 1351 2579 1403 2608; x_wconf 85' lang='grc'>52.</span> <span class='ocrx_word' id='word_1_414' title='bbox 1418 2578 1525 2608; x_wconf 70' lang='lat' dir='ltr'>Cobet</span> <span class='ocrx_word' id='word_1_415' title='bbox 1534 2577 1664 2614; x_wconf 73' lang='grc' dir='ltr'><em>Ἰθάκην</em></span> <span class='ocrx_word' id='word_1_416' title='bbox 1677 2578 1858 2612; x_wconf 80' lang='grc' dir='ltr'><em>ἐπιείσομαι,</em></span> 
     </span>
     <span class='ocr_line' id='line_1_76' title="bbox 1007 2626 1859 2671; baseline -0.007 -9"><span class='ocrx_word' id='word_1_417' title='bbox 1007 2632 1066 2662; x_wconf 87' lang='lat' dir='ltr'>sed</span> <span class='ocrx_word' id='word_1_418' title='bbox 1100 2632 1243 2662; x_wconf 87' lang='lat' dir='ltr'>verbum</span> <span class='ocrx_word' id='word_1_419' title='bbox 1269 2627 1395 2669; x_wconf 61' lang='grc' dir='ltr'><em>-Ῐίεμαι</em></span> <span class='ocrx_word' id='word_1_420' title='bbox 1420 2627 1472 2671; x_wconf 82' lang='lat'>(11⁰</span> <span class='ocrx_word' id='word_1_421' title='bbox 1498 2626 1576 2670; x_wconf 86' lang='lat'>201)</span> <span class='ocrx_word' id='word_1_422' title='bbox 1608 2628 1687 2658; x_wconf 90' lang='lat' dir='ltr'>hinc</span> <span class='ocrx_word' id='word_1_423' title='bbox 1712 2628 1859 2657; x_wconf 87' lang='lat' dir='ltr'>alienum</span> 
     </span>
     <span class='ocr_line' id='line_1_77' title="bbox 1006 2677 1859 2720; baseline -0.007 -5"><span class='ocrx_word' id='word_1_424' title='bbox 1006 2685 1151 2720; x_wconf 77' lang='lat' dir='ltr'>videtur,</span> <span class='ocrx_word' id='word_1_425' title='bbox 1198 2685 1351 2714; x_wconf 80' lang='lat' dir='ltr'>futurum</span> <span class='ocrx_word' id='word_1_426' title='bbox 1387 2686 1522 2720; x_wconf 80' lang='grc' dir='ltr'><em>-είσομαι</em></span> <span class='ocrx_word' id='word_1_427' title='bbox 1555 2683 1669 2711; x_wconf 87' lang='lat' dir='ltr'>autem</span> <span class='ocrx_word' id='word_1_428' title='bbox 1699 2680 1754 2717; x_wconf 85' lang='lat' dir='ltr'>(ab</span> <span class='ocrx_word' id='word_1_429' title='bbox 1790 2677 1859 2717; x_wconf 80' lang='grc' dir='ltr'><em>εἶμι,</em></span> 
     </span>
     <span class='ocr_line' id='line_1_78' title="bbox 1006 2735 1594 2779; baseline -0.009 -10"><span class='ocrx_word' id='word_1_430' title='bbox 1006 2746 1044 2768; x_wconf 89' lang='lat' dir='ltr'>n0</span> <span class='ocrx_word' id='word_1_431' title='bbox 1078 2735 1157 2779; x_wconf 88' lang='lat'>308)</span> <span class='ocrx_word' id='word_1_432' title='bbox 1183 2738 1281 2767; x_wconf 89' lang='lat' dir='ltr'>nobis</span> <span class='ocrx_word' id='word_1_433' title='bbox 1305 2738 1503 2775; x_wconf 84' lang='lat' dir='ltr'>suspectum</span> <span class='ocrx_word' id='word_1_434' title='bbox 1533 2736 1594 2765; x_wconf 82' lang='lat' dir='ltr'>est.</span> 
     </span>
    </p>

    <p class='ocr_par' dir='ltr' id='par_1_43' title="bbox 1007 2781 1858 2881">
     <span class='ocr_line' id='line_1_79' title="bbox 1053 2781 1858 2829; baseline -0.009 -9"><span class='ocrx_word' id='word_1_435' title='bbox 1053 2789 1095 2821; x_wconf 84' lang='grc'>89</span> <span class='ocrx_word' id='word_1_436' title='bbox 1118 2791 1248 2829; x_wconf 79' lang='grc' dir='ltr'><em>μᾶλλον]</em></span> <span class='ocrx_word' id='word_1_437' title='bbox 1283 2789 1397 2819; x_wconf 73' lang='grc' dir='ltr'><em>ἐσθλὸν</em></span> <span class='ocrx_word' id='word_1_438' title='bbox 1421 2788 1547 2819; x_wconf 84' lang='lat' dir='ltr'>Nauck.</span> <span class='ocrx_word' id='word_1_439' title='bbox 1580 2785 1592 2827; x_wconf 82' lang='grc' dir='ltr'>Η</span> <span class='ocrx_word' id='word_1_440' title='bbox 1622 2789 1691 2825; x_wconf 63' lang='grc' dir='ltr'><em>θιξω</em></span> <span class='ocrx_word' id='word_1_441' title='bbox 1718 2793 1755 2815; x_wconf 82' lang='lat'>11⁰</span> <span class='ocrx_word' id='word_1_442' title='bbox 1782 2781 1858 2826; x_wconf 86' lang='lat'>122]</span> 
     </span>
     <span class='ocr_line' id='line_1_80' title="bbox 1007 2843 1319 2881; baseline -0.006 -7"><span class='ocrx_word' id='word_1_443' title='bbox 1007 2847 1094 2878; x_wconf 75' lang='grc' dir='ltr'><em>θείω,</em></span> <span class='ocrx_word' id='word_1_444' title='bbox 1119 2843 1140 2872; x_wconf 89' lang='lat' dir='ltr'>l.</span> <span class='ocrx_word' id='word_1_445' title='bbox 1168 2853 1196 2872; x_wconf 85' lang='lat' dir='ltr'>a.</span> <span class='ocrx_word' id='word_1_446' title='bbox 1219 2845 1319 2881; x_wconf 65' lang='grc' dir='ltr'><em>θήσω.</em></span> 
     </span>
    </p>

    <p class='ocr_par' dir='ltr' id='par_1_44' title="bbox 1053 2894 1542 2935">
     <span class='ocr_line' id='line_1_81' title="bbox 1053 2894 1542 2935; baseline -0.008 -9"><span class='ocrx_word' id='word_1_447' title='bbox 1053 2894 1174 2935; x_wconf 84' lang='grc'><em>90-92]</em></span> <span class='ocrx_word' id='word_1_448' title='bbox 1201 2895 1339 2925; x_wconf 86' lang='lat' dir='ltr'>damnat</span> <span class='ocrx_word' id='word_1_449' title='bbox 1362 2895 1542 2924; x_wconf 88' lang='lat' dir='ltr'>Duentzer.</span> 
     </span>
    </p>

    <p class='ocr_par' dir='ltr' id='par_1_45' title="bbox 1053 2947 1618 2987">
     <span class='ocr_line' id='line_1_82' title="bbox 1053 2947 1618 2987; baseline -0.009 -8"><span class='ocrx_word' id='word_1_450' title='bbox 1053 2948 1096 2979; x_wconf 82' lang='grc'>90</span> <span class='ocrx_word' id='word_1_451' title='bbox 1121 2951 1294 2987; x_wconf 80' lang='grc' dir='ltr'><em>κομάοντας</em></span> <span class='ocrx_word' id='word_1_452' title='bbox 1314 2955 1351 2977; x_wconf 87' lang='lat'>110</span> <span class='ocrx_word' id='word_1_453' title='bbox 1379 2947 1456 2986; x_wconf 88' lang='lat'>191]</span> <span class='ocrx_word' id='word_1_454' title='bbox 1483 2948 1618 2980; x_wconf 69' lang='grc' dir='ltr'><em>-όωιτας,</em></span> 
     </span>
    </p>

    <p class='ocr_par' dir='ltr' id='par_1_46' title="bbox 1015 2995 1862 3085">
     <span class='ocr_line' id='line_1_83' title="bbox 1056 2995 1862 3043; baseline -0.012 -11"><span class='ocrx_word' id='word_1_455' title='bbox 1056 3000 1097 3032; x_wconf 82' lang='grc'>91</span> <span class='ocrx_word' id='word_1_456' title='bbox 1121 3002 1217 3043; x_wconf 79' lang='grc' dir='ltr'><em>-ρεσσ’</em></span> <span class='ocrx_word' id='word_1_457' title='bbox 1255 2997 1496 3038; x_wconf 50' lang='grc' dir='ltr'><em>ἀποάῑειπέμειί]</em></span> <span class='ocrx_word' id='word_1_458' title='bbox 1540 3008 1658 3040; x_wconf 78' lang='grc' dir='ltr'><em>-ρεσσιν</em></span> <span class='ocrx_word' id='word_1_459' title='bbox 1697 2995 1862 3031; x_wconf 73' lang='grc' dir='ltr'><em>ἀπειπέμεν</em></span> 
     </span>
     <span class='ocr_line' id='line_1_84' title="bbox 1015 3054 1111 3085; baseline -0.01 -1"><span class='ocrx_word' id='word_1_460' title='bbox 1015 3054 1111 3085; x_wconf 88' lang='lat' dir='ltr'>codd.</span> 
     </span>
    </p>

    <p class='ocr_par' dir='ltr' id='par_1_47' title="bbox 1065 3098 1862 3145">
     <span class='ocr_line' id='line_1_85' title="bbox 1065 3098 1862 3145; baseline -0.013 -8"><span class='ocrx_word' id='word_1_461' title='bbox 1065 3106 1108 3137; x_wconf 86' lang='grc'>93</span> <span class='ocrx_word' id='word_1_462' title='bbox 1132 3107 1160 3136; x_wconf 75' lang='grc' dir='ltr'>δ’</span> <span class='ocrx_word' id='word_1_463' title='bbox 1180 3106 1222 3145; x_wconf 75' lang='grc' dir='ltr'>ἐς]</span> <span class='ocrx_word' id='word_1_464' title='bbox 1248 3106 1279 3136; x_wconf 78' lang='grc' dir='ltr'>δὲ</span> <span class='ocrx_word' id='word_1_465' title='bbox 1303 3103 1346 3135; x_wconf 71' lang='grc' dir='ltr'>ΗῙ</span> <span class='ocrx_word' id='word_1_466' title='bbox 1361 3106 1404 3143; x_wconf 78' lang='grc' dir='ltr'>(δ’</span> <span class='ocrx_word' id='word_1_467' title='bbox 1423 3105 1498 3141; x_wconf 75' lang='grc' dir='ltr'><strong><em>ἐΡ).</em></strong></span> <span class='ocrx_word' id='word_1_468' title='bbox 1531 3101 1542 3143; x_wconf 88' lang='grc' dir='ltr'>ΙΙ</span> <span class='ocrx_word' id='word_1_469' title='bbox 1569 3098 1725 3143; x_wconf 62' lang='grc' dir='ltr'><em>Σπάρτῃ]</em></span> <span class='ocrx_word' id='word_1_470' title='bbox 1745 3102 1862 3140; x_wconf 55' lang='grc' dir='ltr'><em>Κρήτην</em></span> 
     </span>
    </p>
   </div>
  </div>
 </body>
</html>
