2068 3390
119 215 283 250 Ὀδυσσέως
306 216 355 245 καὶ
382 215 473 257 ’Ἴρου
496 215 615 255 πυγμὴ]

977 217 1006 247 O'

1782 190 1864 232 411

123 361 260 396 XVIII
274 385 296 407 „
308 354 491 408 δαιμόνι’,
521 356 609 396 οὔτε
639 358 676 396 τί
705 368 746 396 σε
777 355 870 409 ῥέζω
901 356 1024 395 κακὸν
1057 351 1133 394 οὔτ’
1168 352 1344 406 ἀγορεύω

186 439 225 470 16
273 431 361 472 οὔτε
391 432 478 472 τινὰ
508 432 670 483 φθονέω
705 432 868 483 δόμεναι
898 430 964 470 καὶ
994 428 1098 471 πόλλ’
1133 429 1332 469 ἀνελόντα.

272 508 391 556 οὐδὸς
424 506 464 548 δ’
501 507 747 561 ἀμφοτέρους
781 508 845 548 ὅδε
879 508 1047 560 χήσεται,
1079 505 1173 547 οὐδέ
1205 506 1242 544 τί
1271 515 1312 544 σε
1343 501 1414 555 χρὴ

273 582 483 636 ἀλλοτρίων
515 583 715 636 φθονέειν·
752 583 897 632 δοκέεις
932 583 974 623 δέ
1005 599 1070 635 μοι
1103 578 1229 634 έ’μμεν’
1266 579 1410 631 ἀλήτης

272 659 323 707 ὥς
355 674 426 712 περ
460 659 568 713 ἐγών·
603 659 721 712 ὄλβον
754 658 796 699 δὲ
827 659 917 699 θεοὶ
949 659 1155 711 μέλλουσιν
1187 656 1354 704 ὀπάζειν.

185 742 226 774 20
272 734 376 787 χερσὶ
405 733 447 774 δὲ
479 736 532 786 μή
563 752 598 775 τι
628 737 716 787 λίην
748 736 989 787 προκαλίζεο,
1021 735 1073 786 μή
1107 749 1152 785 με
1183 732 1369 787 χολώσῃς,

274 810 326 861 μή
359 822 400 850 σε
431 810 555 864 γέρων
587 826 658 864 περ
691 811 765 851 ε’ὼν
798 815 944 863 στῆθος
976 810 1043 850 καὶ
1073 810 1196 862 χείλεα
1228 809 1367 860 φύρσω
1405 812 1412 815 ’

274 885 445 936 αἵματος·
477 884 617 938 ἡσυχίη
650 885 693 926 δέ
723 884 753 926 κ’
789 886 874 937 ἐμοὶ
905 885 970 925 καὶ
1002 889 1148 937 μᾶλλον
1180 881 1223 923 ἔτ’
1261 883 1320 934 εἴη

274 960 424 1013 αὔριον·
458 962 504 1002 οὐ
537 960 606 1013 μὲν
637 963 710 1015 γάρ
742 964 779 1002 τί
808 960 839 1001 σ’
873 961 1195 1014 ὑποστρέψεσθαι
1227 957 1295 999 ὀίω

275 1037 455 1090 δεύτερον
487 1037 524 1085 ἐς
556 1037 726 1090 μέγαρον
758 1035 990 1090 Λαερτιάδα’
1021 1031 1251 1087 Ὀδυσῆος.”

187 1121 226 1151 25

335 1112 402 1151 τὸν
435 1111 477 1152 δὲ
508 1114 776 1165 χολωσάμενος
808 1113 1056 1166 προσεφώνεε
1090 1115 1206 1164 Εἶρος
1238 1110 1392 1161 ἀλήτης·

276 1186 340 1237 „ab
372 1188 506 1240 πόποι,
537 1188 588 1236 ὡς
620 1187 641 1228 ὃ
674 1189 866 1241 μολοβρὸς
898 1188 1155 1240 ἐπιτροχάδην
1182 1186 1359 1239 ἀγορεύει
1382 1212 1395 1216 2

278 1262 369 1315 γρηὶ
399 1264 557 1315 καμινόι
588 1266 713 1312 Ὲῖσος·
746 1262 793 1304 ὃν
825 1263 874 1303 ἂν
905 1263 1006 1303 κακὰ
1038 1263 1276 1315 μητισαίμην

281 1338 436 1378 κόπτων
468 1338 723 1395 ἀμφοτέρῃσι,
754 1339 873 1392 χαμαὶ
905 1339 947 1379 δέ
976 1354 1018 1378 κε
1048 1339 1198 1385 πάντας
1230 1335 1394 1382 ὀδόντας

278 1418 471 1465 γναθμῶν
504 1413 723 1466 ἐξελάσαιμι
755 1414 849 1462 συὸς
881 1413 932 1461 ὣς
964 1413 1218 1465 ληιβοτείρης.

188 1497 230 1528 30

277 1491 395 1537 ζῶσαι
427 1496 515 1541 νῦν,
548 1490 613 1528 ἴνα
644 1490 786 1537 πάντες
819 1489 1037 1542 ἐπιγνώωσι
1068 1488 1134 1528 καὶ
1166 1488 1247 1528 οἴδε

279 1565 526 1616 μαρναμένω·
559 1572 641 1612 πῶς
673 1581 739 1604 κεν
772 1565 820 1605 σὺ
853 1564 1025 1620 νεωτέρῳ
1059 1562 1173 1615 ἀνδρὶ
1207 1563 1344 1614 μάχοιο
1357 1559 1391 1607 ;‘’

339 1636 390 1688 ὧς
423 1643 461 1681 οἳ
493 1640 563 1692 μὲν
598 1642 845 1694 προπάροιθε
876 1641 1043 1693 θυράων
1075 1640 1270 1691 ὑψηλάων

280 1717 404 1757 οὐδοῦ
437 1717 499 1756 ἔπι
532 1719 665 1765 ξεστοῦ
697 1716 966 1768 πανθυμαδὸν
999 1715 1224 1770 ὠκριάοντο.

175 1896 215 1928 15
240 1898 327 1937 ῥέζω]
352 1897 426 1938 ῥέξω
450 1899 476 1928 P
501 1898 568 1927 alii.

175 1950 215 1981 17
239 1953 367 1990 χήσεται
402 1950 532 1989 Nauck]
569 1954 713 1989 χείσεται.
745 1951 796 1981 Cf.
828 1958 865 1980 ΠΟ
898 1952 972 1981 221.

130 2004 169 2033 In
204 2004 332 2034 scholio
365 2005 534 2034 Demetrio
566 2003 727 2033 tribuitur
749 2004 834 2034 haec
859 2004 972 2034 obser-

130 2057 236 2086 vatio:
275 2058 452 2093 „z'aetum‘g‘wv
484 2058 498 2086 ὁ
531 2056 656 2095 ποιητὴς
685 2057 750 2086 ἀντὶ
779 2061 833 2086 τοῦ
859 2056 972 2091 δέξεται

129 2114 265 2150 χείσεται
285 2108 399 2145 εἷπεν”,
425 2120 511 2149 quae
536 2110 639 2140 verba
664 2113 743 2140 sunt
768 2111 840 2140 sine
859 2120 971 2140 sensu.

131 2164 200 2193 Nisi
226 2163 376 2193 fallimur
402 2163 596 2194 Demetrius
623 2164 815 2194 coniecerat
837 2165 971 2202 poetam

130 2216 264 2246 dedisse
288 2215 413 2251 δέξεται,
439 2217 499 2246 sed
521 2225 633 2246 errore
653 2222 712 2245 τῶν
737 2227 971 2257 ,ιιεταχαρακτη-

130 2272 279 2310 ρισάντων
314 2268 437 2299 litteras
472 2268 595 2298 Atticas
631 2270 976 2298 ΗΟΔΕΔΕΧΣΕΤΑῙ

131 2322 255 2352 abiisse
285 2322 319 2351 in
356 2323 675 2360 ΗΟΔΕΧΕΣΕΤΑῙ,
698 2321 732 2350 id
758 2323 809 2351 est
834 2322 867 2350 in
900 2322 972 2351 vul—

129 2377 252 2412 gatam.

177 2426 217 2456 18
242 2428 341 2465 ἔμμεν’
370 2435 407 2456 110
434 2427 511 2466 125]
533 2415 618 2457 εἶναι.

175 2478 218 2509 20
241 2480 392 2519 χολώσῃς]
418 2487 455 2509 n0
485 2481 557 2510 122.

175 2531 215 2562 21
241 2533 363 2574 φύρσω]
392 2539 428 2562 110
457 2533 531 2562 254.

133 2640 258 2676 ἡσύχως
278 2640 312 2666 ψ
338 2639 400 2667 598
424 2638 456 2667 h.
483 2638 584 2667 Mero.
607 2639 680 2667 438.
700 2635 712 2677 Η
732 2635 783 2666 *δέ
809 2636 852 2675 κ’]
875 2637 905 2665 o‘
929 2635 974 2665 ἂν.

1040 1899 1126 1929 bene
1161 1899 1265 1937 igitur
1303 1899 1460 1937 πολυλάλῳ
1500 1894 1653 1925 redditur
1688 1891 1779 1930 apud
1815 1891 1881 1920 Eu-

1040 1952 1213 1981 stathium.
1238 1949 1450 1981 Perabsurde
1471 1957 1548 1978 vero
1573 1947 1741 1977 Comanus
1766 1944 1882 1982 opina-

1040 2005 1139 2034 batur
1163 2013 1264 2034 anum
1290 2003 1499 2041 decrepitam
1524 2001 1573 2030 διὰ
1600 2000 1632 2028 τὸ
1665 2003 1807 2035 καμεῖν
1832 1997 1884 2030 τὰς

1040 2054 1124 2092 ἶνας
1159 2058 1206 2087 ita
1241 2056 1363 2086 vocari.
1402 2053 1414 2095 ΙΙ
1451 2050 1503 2095 ἂν]
1536 2053 1625 2083 male
1652 2060 1713 2090 pro
1740 2062 1796 2079 κεν.
1819 2049 1882 2078 Ec-

1040 2110 1121 2148 quid
1157 2108 1205 2140 *εἷ
1237 2108 1277 2147 (si
1311 2118 1378 2139 eum
1404 2106 1553 2148 serirem,
1586 2104 1692 2134 dentes
1709 2102 1738 2133 ei
1761 2103 1883 2132 ercule-

1040 2161 1139 2203 rem)?
1172 2163 1253 2192 Fick
1275 2155 1405 2199 fla'(oe)·
1438 2161 1471 2189 ὅν
1496 2171 1557 2197 κεν,
1584 2166 1704 2197 parum
1728 2154 1883 2194 probabi-

1040 2216 1125 2245 liter.
1164 2213 1176 2256 ΙΙ
1208 2215 1287 2245 κακὰ
1315 2211 1517 2252 μητισαίμην]
1543 2211 1701 2248 corrupta
1711 2217 1719 2245 ;
1743 2208 1885 2237 verbum

1041 2268 1129 2298 enim
1161 2271 1307 2306 μητιόμαι
1331 2275 1441 2304 neque
1466 2264 1696 2294 accusativum
1721 2268 1885 2300 personae

1041 2321 1189 2350 admittit
1210 2329 1321 2358 neque
1345 2320 1379 2349 in
1403 2319 1489 2348 hanc
1511 2316 1711 2347 sententiam
1734 2312 1886 2351 quadrat.

1041 2374 1301 2411 Elegantissime
1332 2370 1559 2401 vHerwerden
1584 2363 1886 2402 zazafszmooalwp*

1007 2469 1009 2475 Ι
1041 2425 1115 2456 coll.
1142 2436 1164 2455 n
1189 2427 1252 2455 290
1277 2436 1295 2455 σ
1321 2426 1394 2454 222.

1085 2477 1127 2509 28
1153 2479 1184 2508 δέ
1219 2475 1265 2519 κε]
1299 2478 1347 2507 sie
1380 2477 1472 2512 „fere
1504 2474 1642 2505 omnes'’
1669 2471 1759 2510 apud
1783 2470 1886 2507 Didy-

1042 2541 1145 2569 mum‚
1170 2531 1202 2560 δὲ
1226 2531 1270 2569 M,
1295 2531 1326 2559 δ’
1355 2532 1387 2558 ἐκ
1412 2528 1507 2558 codd.
1533 2527 1646 2557 ceteri.

173 2581 367 2627 2212002111]
404 2585 467 2615 hoe
504 2594 571 2614 uno
604 2585 677 2614 loco
710 2585 819 2620 Hom.‚
843 2584 903 2613 sed
931 2584 974 2613 cf.
1008 2583 1009 2587 ’

173 2688 217 2719 24
241 2690 380 2732 δεύτερον
413 2693 440 2725 ἐς
468 2690 618 2732 μέγαρον]
651 2687 735 2724 αὖτις
760 2690 818 2718 ἔσω
842 2689 975 2729 μέγαρον
1009 2710 1010 2716 ,

1009 2747 1010 2750 ’
1043 2744 1121 2771 runt
1145 2742 1178 2770 in
1203 2741 1313 2770 insula¹
1339 2741 1448 2778 Cypro
1472 2747 1600 2767 morem
1626 2737 1731 2766 fuisse
1754 2737 1792 2765 ut
1816 2735 1886 2769 sui,

1009 2824 1010 2835 χ
1043 2803 1128 2832 quae
1157 2802 1256 2831 agros
1280 2793 1380 2821 vieini
1402 2792 1586 2823 vastasset,
1607 2790 1726 2820 dentes
1751 2790 1885 2818 excute-

1009 2844 1010 2854 *
1043 2849 1168 2885 rentur,
1193 2845 1285 2875 haud
1308 2846 1434 2874 scimus
1465 2854 1506 2873 an
1539 2853 1579 2873 ex
1611 2844 1685 2880 ipso
1716 2842 1779 2870 hoc
1814 2840 1886 2869 loco

131 2742 167 2779 F,
193 2739 276 2777 αὖτις
306 2744 364 2772 ἔσω
387 2745 522 2784 μεγάρου
547 2743 596 2773 ed.
622 2743 710 2772 Flor.
744 2741 755 2782 ΙΙ
788 2742 970 2783 Λαερτιὰὁα’

131 2802 168 2824 n⁰
193 2795 250 2833 55]
275 2795 354 2824 -ὁεω,

176 2846 219 2877 26
241 2847 406 2888 ιμολοβρὸς]
434 2848 476 2877 cf.
502 2860 518 2888 ρ
544 2849 619 2877 219.

175 2899 216 2931 2Ί
243 2903 363 2937 καμινόι
396 2908 433 2930 n0
461 2901 516 2939 ’77]
545 2906 667 2937 καμινοῖ
691 2901 798 2937 codd.,
822 2901 843 2930 l.
869 2910 897 2929 a.
923 2912 974 2929 mz—

130 2959 215 2993 μιινῷ.
251 2953 323 2982 Non
356 2953 444 2983 redit
478 2962 568 2990 voe.;
603 2955 694 2983 recte
725 2954 779 2983 Ar.
808 2954 974 2991 interpre-

132 3007 223 3035 tatus
260 3014 334 3035 esse
376 3005 510 3035 videtur
548 3005 698 3035 vetulam
734 3015 820 3043 quae
857 3005 974 3034 hordei

130 3067 232 3095 grana
277 3058 408 3087 camino
452 3060 570 3094 torret,
613 3059 749 3088 interim
796 3058 974 3096 garriendo

1085 2583 1127 2614 29
1146 2582 1345 2623 λιμμότείρης]
1367 2583 1481 2620 seyetes
1500 2577 1714 2619 depascentis?
1735 2576 1801 2607 Sed
1822 2585 1887 2605 non

1042 2636 1223 2666 admodum
1255 2636 1434 2673 perspicua
1466 2636 1517 2663 est
1553 2631 1776 2670 comparati03
1810 2638 1887 2658 nam

1043 2689 1134 2727 quod
1159 2689 1264 2718 schol.
1290 2690 1323 2717 et
1342 2688 1469 2717 Aelian.
1495 2687 1535 2715 H.
1557 2685 1664 2714 Anim.
1689 2684 1715 2713 V
1737 2684 1777 2712 45
1800 2682 1885 2712 refe-

1043 2900 1194 2929 effictum
1226 2899 1279 2927 sit.
1312 2898 1385 2927 Non
1409 2897 1496 2926 redit
1521 2895 1734 2925 vocabulum.

1088 2950 1128 2980 31
1153 2951 1334 2992 μαρναμένω
1359 2950 1385 2988 l]
1413 2961 1505 2983 -vov;.
1535 2946 1547 2988 ΙΙ
1579 2944 1662 2988 *κει’]
1690 2947 1719 2975 δ’
1749 2945 1793 2975 ἂν.

1087 3003 1129 3033 33
1161 3003 1369 3040 πανθυμαδὸν
1393 3004 1558 3042 ὼκριάοντυ
1584 3007 1619 3028 110
1647 2995 1723 3039 191]
1749 3008 1779 3026 n.
1805 2999 1887 3036 ὀκρι-

1044 3060 1146 3085 όωντο.
1171 3057 1359 3093 Utrumque
1384 3064 1455 3085 voc.
1477 3055 1540 3083 hoc
1564 3061 1630 3082 uno
1652 3052 1725 3080 loco
1745 3050 1887 3087 legitur;

138 3110 249 3139 taedia
271 3119 331 3140 sua
353 3110 474 3140 fallens
495 3108 551 3150 (cs.
573 3111 742 3149 Aristoph.
760 3111 845 3140 Nub.
863 3107 979 3149 1358);
1010 3095 1014 3141 ἱ
1049 3111 1134 3138 vert.
1157 3107 1298 3138 certatim
1325 3116 1357 3138 se
1385 3104 1532 3136 conviciis
1554 3102 1753 3134 lacessebant.
