2068 3390
119 186 282 222 Ὀδυσσέως
305 187 462 220 ἀπόπλους
485 185 570 227 παρὰ
599 185 769 224 Φαιάκων]

994 189 1022 218 V

147 324 295 377 xlnsss)
329 323 384 377 δ’,
416 327 467 373 ὥς
499 323 524 365 τ’
561 325 602 365 ἐν
634 326 755 381 πεδίῳ
788 325 985 378 τετράοροι
1018 324 1176 378 ἄρσενες
1205 324 1318 363 ἴπποι

271 402 411 449 πάντες
444 399 503 453 ἅμ’
541 400 779 454 ὁρμηθέντες
811 401 889 441 ὑπὸ
923 405 1118 457 πληγῇσιν
1151 400 1347 452 ἱμάσθλης

270 474 388 527 ὑψόσ’
423 475 641 529 ἀειρόμενοι
673 476 799 529 ῥίμφα
831 476 1051 528 πρήσσουσι
1082 475 1288 526 κέλευθον,

1557 484 1596 512 83
1623 482 1664 512 ef.
1694 485 1727 511 Ψ
1747 482 1807 511 501

274 547 326 600 ὧς
358 551 433 605 ἄρα
464 558 532 603 τῆς
563 552 699 607 πρῴρη
732 549 802 603 μὲν
835 551 995 604 ἀείρετο,
1025 557 1130 603 κῦμα
1163 548 1200 590 δ’
1233 549 1375 590 ὄπισθε

184 636 224 667 85

271 702 296 755 ἢ
328 703 370 743 δὲ
401 701 483 756 μάλ’
521 702 725 755 ἀσφαλέως
758 701 833 743 ἔθέ
869 703 1049 755 ἔμπεδον·
1084 701 1177 743 οὐδέ
1208 717 1274 742 κεν
1308 702 1393 754 ἴρηξ

272 780 404 832 κίρκος
437 778 703 833 ὁμαρτήσειεν,
735 779 994 833 ἐλαφρότατος
1025 785 1235 831 πετεηνῶν.

272 629 501 681 πορφύρεον
534 625 611 680 μέγ’
647 627 743 667 ἔθυε
774 627 1086 679 πολυφλοίσβοιο
1119 626 1335 677 θαλάσσης.

1556 713 1613 742 86⁸
1638 711 1680 741 cf.
1711 715 1741 740 N
1764 712 1823 741 141

1560 787 1600 816 87
1626 786 1667 816 of.
1694 789 1728 815 X
1752 787 1812 815 139

333 850 385 903 ὦς
416 854 441 907 ἣ
473 856 599 908 ῥίμφα
630 854 782 895 θέουσα
813 856 1017 907 θαλάσσης
1048 851 1183 907 κύματ’
1220 854 1370 905 ἕταμνε,

272 930 398 984 ἄνδρα
430 930 606 984 φέρουσα
637 928 761 971 θεοῖσ’
797 931 995 985 ἐναλίγκια
1028 928 1132 982 μήδε’
1170 930 1316 982 ἔχοντα·

179 1016 220 1047 90
268 1005 310 1055 ὃς
337 1006 430 1060 πρὶν
457 1006 527 1059 μὲν
553 1008 655 1059 μάλα
683 1005 787 1048 πόλλ’
818 1005 931 1047 ἔπαθ’
964 1006 1081 1060 ἄλγεα
1111 1007 1189 1046 fou
1207 1005 1304 1045 κατὰ
1321 1004 1469 1056 θυμὸν,

269 1082 426 1136 ἀνδρῶν
457 1098 495 1123 τε
526 1082 741 1135 πτολέμους
774 1083 953 1136 ἀλεγεινά
983 1098 1021 1122 τε
1052 1083 1206 1134 κύματα
1238 1082 1398 1133 πείρων,

1560 1008 1773 1041 90b=a4

1558 1085 1770 1116 91:528

271 1158 319 1210 δὴ
351 1159 433 1199 τότε
464 1157 493 1212 γ’
530 1158 695 1212 ἀτρέμας
728 1154 839 1211 ηὗδε,
870 1157 1102 1210 λελασμένος
1136 1155 1213 1198 ὅσσ’
1251 1156 1472 1196 ἐπεπόνθει.

330 1229 401 1274 εὖτ’
438 1233 557 1287 ἀστὴρ
590 1234 775 1288 ὑπερέσχε
807 1233 1036 1285 φαέντατος,
1069 1234 1111 1281 ὅς
1143 1248 1181 1273 τε
1216 1233 1379 1284 μάλιστα

276 1309 421 1362 ἔρχεται
453 1309 645 1364 ἀγγελέων
678 1310 781 1361 φάος
811 1308 906 1362 ἠόος
937 1308 1168 1362 ἠριγενείης,

187 1394 227 1425 95
275 1391 395 1437 τῆμος
427 1385 476 1437 δὴ
509 1386 616 1443 νήσῳ
647 1386 931 1439 προσεπίλνατο
963 1385 1209 1438 ποντοπόρος
1240 1390 1351 1436 νηῦς.

280 1461 486 1514 Φόρκυνος
519 1461 562 1501 δέ
590 1477 647 1509 τις
678 1461 756 1502 ἔστι
787 1461 904 1513 λιμὴν
937 1459 1061 1501 ἁλίοιο
1093 1460 1274 1514 γέροντος

1563 1471 1603 1500 96
1629 1468 1671 1498 cf.
1698 1468 1760 1498 345

279 1536 320 1577 ἐν
352 1537 464 1594 δήμῳ
493 1535 665 1590 Ἰθάκης·
699 1538 772 1578 δύο
806 1535 847 1577 δὲ
879 1539 1093 1591 προβλῆτες
1126 1536 1167 1577 ἐν
1200 1536 1304 1592 αὐτῷ

129 1713 271 1743 tentiam
307 1713 341 1742 et
376 1712 569 1750 neglectum
601 1706 641 1749 f,
671 1721 749 1742 cum
772 1713 973 1751 praesertim

129 1765 281 1804 proxime
323 1764 507 1803 praecedat
546 1761 698 1803 ἥδυμος.
741 1765 781 1794 In
824 1766 974 1795 mentem

129 1818 222 1847 venit
252 1815 441 1858 *ἀμβρόσιος
475 1817 532 1855 (cf.
568 1821 593 1847 B
631 1819 695 1857 19),
732 1817 825 1856 quod
861 1819 975 1848 tamen

130 1879 318 1909 proponere
350 1870 525 1906 nolumus;
550 1871 724 1908 vulgatam
748 1871 850 1900 vertit
874 1871 973 1909 Verg.

130 1923 210 1953 Aen.
225 1922 271 1953 VI
296 1923 376 1953 522:
402 1921 504 1952 dulcis
521 1924 551 1953 et
573 1922 643 1952 alta
663 1921 749 1962 quies
767 1921 976 1962 placidaeque

130 1974 293 2005 simillima
316 1974 419 2006 morti.
444 1976 526 2006 Fick
549 1985 685 2006 versum
711 1976 812 2005 delet.

174 2025 291 2070 81-85]
318 2029 457 2058 damnat
482 2029 638 2059 Grashof.

176 2080 216 2112 81
241 2081 415 2123 τετράοροι]
452 2090 517 2111 non
552 2082 641 2112 redit
675 2081 898 2120 vocabulum3
936 2080 976 2110 de

132 2135 306 2173 quadrigis
339 2134 406 2164 vid.
443 2134 485 2164 ad
522 2138 545 2163 Ο
570 2136 642 2165 680.
669 2134 848 2164 Simillima
871 2135 976 2163 meta-

132 2188 238 2226 phora
262 2196 365 2217 naves
389 2187 547 2217 dicuntur
571 2187 642 2222 ἁλὸς
664 2188 753 2216 ἵπποι
780 2187 797 2215 δ
824 2187 898 2216 708.

177 2239 219 2270 83
243 2242 341 2280 ῥίμφα
365 2240 554 2282 πρήσσουσι]
580 2239 644 2269 La.
673 2240 898 2281 ὁιαηρήσσουσι
923 2235 978 2279 (ἲ).

177 2292 294 2331 84-87]
342 2293 480 2323 damnat
525 2294 707 2331 Duentzer,
752 2301 800 2322 vs.
848 2293 887 2322 86
928 2301 977 2329 sq.

135 2345 449 2376 EHFriedlaender.

178 2397 220 2428 84
254 2397 359 2440 πρῴρη
400 2399 584 2429 ROChesorb
630 2397 818 2436 HJHeller]
856 2398 978 2437 πρύμνη

134 2505 192 2534 nat
223 2505 362 2542 imagini
394 2506 428 2534 et
457 2506 597 2543 propter
628 2504 783 2541 syntaxin
820 2504 978 2541 suspecta

135 2559 197 2596 est,
221 2566 298 2587 nam
322 2557 443 2587 ceteris
468 2557 551 2586 locis
571 2557 761 2586 Homericis
786 2556 828 2584 ad
856 2563 978 2584 nomen

134 2612 256 2651 πρύμνη
280 2607 365 2650 (sive
389 2607 526 2651 πρυμνή)
550 2611 663 2639 mente
689 2608 840 2647 suppleri
865 2609 979 2646 potest

134 2717 286 2745 mentum
312 2715 414 2745 etiam
439 2717 555 2744 contra
578 2715 759 2744 lectionem
792 2712 897 2754 πρῴρη
923 2722 978 2741 va-

136 2768 194 2804 let,
215 2777 290 2798 nam
304 2768 388 2797 haec
403 2776 537 2806 quoque
551 2776 615 2797 vox
636 2776 703 2805 quo
717 2775 784 2796 uno
798 2767 871 2795 loco
889 2765 979 2803 apud

136 2822 321 2850 Homerum
355 2817 390 2861 (μ
427 2817 504 2861 230)
541 2821 665 2858 legitur
697 2818 884 2849 adiectivum
918 2820 979 2848 est.

138 2925 228 2964 quod
253 2926 378 2963 legitur
402 2926 474 2955 loco
500 2926 602 2955 simili
626 2927 660 2955 A
686 2926 748 2955 482
774 2922 830 2966 (=
854 2921 979 2964 (3428).

138 2979 295 3008 Ceterum
316 2987 382 3007 non
405 2987 536 3008 currens
556 2979 650 3008 navis
675 2978 827 3017 pingitur
849 2994 887 2998 —
904 2985 980 3005 nam
1014 2984 1015 2994 ¹

135 3032 238 3061 huius
264 3032 366 3069 caput
390 3039 455 3060 non
481 3031 590 3060 attolli
613 3031 674 3061 sed
697 3031 806 3068 mergi
827 3029 929 3059 debet
952 3028 980 3057 si

136 3083 254 3124 rapido
286 3085 417 3123 impetu
448 3083 572 3114 fluctus
603 3084 648 3113 sit
672 3085 828 3113 secatum
854 3099 893 3103 —
921 3081 979 3110 sed

1040 1713 1105 1742 iter
1140 1712 1248 1741 iniens
1283 1711 1316 1741 et
1345 1709 1452 1739 veluti
1482 1708 1607 1738 animal
1631 1715 1667 1736 se
1693 1706 1826 1743 erigens
1848 1706 1886 1733 ut

1042 1766 1076 1795 in
1099 1774 1192 1794 mare
1217 1773 1253 1794 se
1279 1763 1432 1793 coniciat.
1458 1762 1580 1801 Aptius
1604 1769 1705 1799 quam
1725 1758 1888 1788 hodierna

1042 1817 1175 1855 navigia
1200 1825 1277 1846 cum
1303 1824 1389 1854 equo
1414 1815 1468 1845 vel
1493 1823 1596 1853 cycno
1620 1814 1758 1852 pectore
1778 1810 1887 1840 undas

1042 1869 1245 1908 propellenti
1293 1869 1532 1907 comparantur
1582 1867 1735 1896 veterum
1786 1872 1889 1893 naves

1042 1915 1278 1962 ἀμφιάῑέλισσαι,

1086 1974 1127 2005 85
1152 1975 1215 2012 μέγ’
1245 1973 1334 2012 ἔθυε]
1359 1973 1437 2011 μέγα
1464 1976 1521 2002 θῦε
1551 1971 1648 2001 codd.

1087 2027 1129 2058 86
1154 2026 1255 2065 *ε’-ἕλε’]
1285 2026 1363 2056 θέεν.

1087 2079 1129 2110 89
1155 2080 1251 2110 θεοῖσ’
1286 2075 1455 2120 ἐναλίγκια]
1487 2082 1608 2108 θεοῖσιν
1632 2078 1753 2114 ἀλίγκιοι
1779 2074 1890 2105 conie-

1044 2134 1089 2164 cit
1111 2133 1229 2164 Nauck
1253 2129 1311 2174 (cf.
1338 2137 1365 2162 Z
1391 2133 1452 2162 401
1479 2136 1503 2162 θ
1528 2128 1614 2172 174).

1087 2186 1130 2217 90
1154 2186 1236 2216 πόλλ’
1266 2182 1380 2227 ἔπαθ’]
1404 2186 1500 2215 πολλὰ
1525 2184 1603 2214 πάθ’
1631 2182 1727 2213 codd.

1087 2239 1130 2270 92
1155 2239 1191 2277 δὴ
1226 2238 1310 2277 τότε]
1343 2240 1377 2267 at
1410 2240 1491 2267 lune.
1521 2237 1610 2267 Item
1638 2239 1670 2265 N
1690 2236 1751 2265 441
1779 2237 1806 2264 P
1828 2234 1890 2263 410

1011 2289 1012 2323 ἶ
1047 2298 1075 2322 Υ
1096 2293 1157 2322 411
1185 2304 1200 2321 ο
1225 2292 1287 2321 228
1314 2303 1330 2333 ρ
1356 2292 1417 2321 296
1444 2302 1466 2329 χ
1494 2291 1567 2319 186.

1088 2344 1131 2375 93
1154 2345 1321 2383 φαέντατος
1341 2351 1377 2372 110
1401 2345 1440 2373 88
1464 2345 1497 2372 et
1511 2340 1590 2382 280]
1604 2343 1778 2381 φαάντατος
1793 2339 1889 2369 codd.

1011 2404 1013 2411 '
1045 2399 1115 2428 Hoc
1140 2407 1209 2427 uno
1233 2397 1307 2427 loco
1335 2395 1471 2435 legitur.

134 2451 230 2481 codd.
270 2451 423 2493 (πρύμνης
457 2449 528 2492 13¹),
565 2460 651 2489 quae
672 2451 772 2480 lectio
798 2452 831 2479 et
856 2458 978 2488 repug-
1011 2438 1013 2456 ³

1089 2450 1133 2481 94
1154 2450 1304 2488 ἀγγελέων
1339 2449 1442 2479 schol.
1479 2451 1515 2478 X
1547 2447 1627 2485 318]
1664 2447 1816 2484 ἀγγέλλων
1838 2445 1891 2475 vel

1046 2504 1179 2541 ἀγγέλων
1211 2503 1324 2538 codd.;
1359 2502 1512 2531 futurum
1536 2501 1711 2539 praestare
1734 2499 1892 2528 observa-

1012 2591 1014 2602 ἱ
1046 2558 1125 2586 runt
1148 2556 1260 2586 Naber
1284 2554 1528 2589 vHerwerden;
1554 2554 1635 2582 item
1661 2562 1683 2581 n
1708 2552 1781 2581 459.
1806 2551 1893 2580 Vera

1047 2609 1147 2638 lectio
1167 2609 1324 2646 superest
1349 2618 1367 2636 σ
1391 2608 1451 2636 186
1466 2603 1523 2647 (=
1539 2619 1561 2645 χ
1576 2603 1672 2642 496);
1703 2604 1768 2634 vid.
1794 2601 1892 2642 prae-

137 2667 206 2697 ναῦς
229 2659 310 2703 (vid.
335 2665 370 2693 Ξ
388 2663 428 2692 32
450 2659 540 2704 στα).
561 2662 736 2692 Posterius
749 2663 861 2691 tamon
878 2669 976 2698 argu·
1012 2648 1014 2664 ᾖ

1013 2700 1015 2730 ³¹
1048 2721 1084 2743 11⁰
1112 2713 1168 2751 77]
1197 2715 1273 2751 ἠοῦς.

1185 2661 1213 2671 —1

1046 2664 1138 2691 terea
1177 2675 1204 2691 .-
1246 2661 1307 2690 355
1344 2671 1362 2689 κ
1400 2660 1462 2689 245
1498 2671 1512 2687 ο
1545 2660 1583 2688 41
1620 2667 1642 2687 n
1675 2659 1748 2687 329.
1783 2654 1795 2697 Η
1827 2658 1895 2695 ῆόος

1090 2765 1132 2796 96
1158 2760 1490 2806 Φόρκυνοε...λι,ιιὴν]
1518 2763 1559 2793 de
1585 2763 1649 2793 deo
1673 2763 1737 2792 hoc
1765 2762 1894 2791 marino

1013 2816 1015 2820 “
1047 2819 1089 2847 cf.
1123 2831 1141 2847 α
1175 2819 1233 2853 72;
1266 2819 1385 2855 portus
1417 2815 1550 2845 nonnisi
1581 2816 1613 2845 h.
1646 2815 1667 2845 l.
1698 2816 1732 2844 et
1756 2823 1803 2844 VS.
1831 2815 1892 2844 345

136 2874 349 2911 Quapropter
371 2873 567 2903 dubitamus
587 2883 628 2902 an
649 2881 767 2903 verum
782 2872 826 2901 sit
846 2870 980 2912 *στεῖριι,
1014 2876 1015 2884 ’

1048 2872 1342 2901 commemoratur.

1091 2921 1133 2953 97
1159 2922 1203 2960 ἐν]
1236 2920 1333 2951 *hm
1357 2922 1429 2952 Non
1459 2921 1548 2951 enim
1572 2919 1606 2950 in
1639 2921 1714 2950 sinu
1740 2919 1799 2949 sed
1822 2921 1895 2949 ante

1047 2975 1170 3014 sinum,
1196 2975 1230 3004 id
1255 2977 1307 3005 est
1332 2975 1373 3004 ab
1399 2976 1543 3012 utroque
1567 2974 1662 3003 sinus
1689 2981 1802 3011 cornu,
1829 2972 1893 3002 hae

1047 3036 1150 3066 rupes
1174 3036 1248 3057 esse
1273 3027 1400 3057 debent
1424 3029 1462 3056 ut
1485 3025 1602 3056 obiectu
1633 3025 1767 3055 laterum
1791 3023 1892 3064 fran-

1043 3082 1123 3120 yant
1147 3079 1263 3110 undam
1288 3077 1370 3122 (vid.
1396 3079 1494 3117 Verg.
1520 3080 1600 3109 Aen.
1625 3079 1641 3109 I
1668 3079 1728 3108 159
1758 3075 1858 3119 sqq.)
