2035 3406
137 191 221 233 124
916 223 973 227 ,-

1056 224 1113 229 —
1566 210 1750 250 [Ὀδυσσέως
1771 212 1882 251 <mdia

196 347 224 383 V
282 342 319 391 ἐξ
352 342 456 396 ἁλὸς,
488 342 552 385 οἷά
582 363 620 387 τε
651 347 775 388 πολλὰ
806 347 937 401 τρέφει
968 349 1107 397 κλυτὸς
1139 351 1371 403 Ἀμφιτρίτη·

280 420 402 459 ,Ροῖδα
432 420 505 474 γὰρ
538 422 590 470 ὥς
621 439 687 474 μοι
719 422 938 464 ὀδώδυσται
967 425 1105 473 κλυτὸς
1136 423 1416 479 ἐννοσίγαιος.”

337 489 407 546 ἧος
438 493 458 535 ὃ
490 495 604 537 ταῦθ’
635 499 804 551 ὥρμαινε
830 499 928 539 κατὰ
955 499 1082 553 φρένα
1109 501 1176 541 καὶ
1202 502 1300 542 κατὰ
1325 502 1474 554 θυμὸν,

1555 510 1620 540 424
1644 523 1688 540 =
1710 512 1744 541 A
1772 511 1834 541 193

172 577 234 608 425
281 569 407 623 τόφρα
439 570 482 611 δέ
512 589 579 624 μιν
610 573 707 627 μέγα
738 572 823 626 κῦμ’
860 574 973 629 ἔφερε
1005 581 1183 629 τρηχεῖαν
1215 575 1268 618 ἐπ’
1305 577 1438 630 ἀκτήν.

279 646 380 686 ἔνθα
411 645 442 688 κ’
477 649 555 690 ἀπὸ
586 651 720 703 ῥινοὺς
745 649 942 704 ’δρύφθη,
972 653 1045 693 σὺν
1076 651 1111 693 δ’
1149 652 1245 694 ὀστέ’
1282 654 1452 708 ἀράχθη,

278 724 313 763 εἰ
341 723 395 775 μὴ
428 724 486 765 ἐνὶ
516 724 628 778 φρέσ’
664 726 784 779 ἔθηκε
816 727 894 767 θεὰ
924 732 1148 782 γλαυκῶπις
1182 731 1341 782 Ἀθήνη·

1556 658 1638 690 426b
1661 660 1704 690 cf.
1727 663 1768 691 M
1793 661 1856 692 384

1556 734 1639 766 427·
1662 735 1704 765 cf.
1731 736 1758 766 Θ
1783 735 1846 766 218

280 797 521 856 ἀμφοτέρῃσι
553 800 595 841 δὲ
626 802 755 855 χερσὶν
786 802 1046 855 ἐπεσσυμένος
1073 803 1183 858 ’λάβε
1214 805 1366 859 πέτρης·

278 880 344 925 τῆς
375 875 475 927 ἔχετο
509 877 715 929 στενάχων,
747 873 816 930 ἧος
849 878 946 932 μέγα
977 886 1085 932 κῦμα
1117 885 1308 934 παρῆλθε.

169 958 232 989 430
278 950 344 990 καὶ
374 951 415 991 τὸ
448 950 518 1003 μὲν
551 948 602 1000 ὧς
635 953 818 1002 ὑπάλυξε·
851 956 1113 1009 παλιρρόθιον
1146 956 1189 997 δέ
1220 974 1287 1009 μιν
1319 953 1428 1006 αὖτις

271 1022 432 1078 ’πλῆξεν
464 1027 739 1081 ἐπεσσυμένον,
770 1034 889 1082 τηλοῦ
922 1030 965 1071 δέ
997 1048 1064 1083 μιν
1097 1032 1238 1085 ἔμβαλε
1269 1034 1410 1090 πόντῳ.

277 1100 329 1150 ὡς
361 1100 399 1142 δ’
436 1103 496 1142 ὅτε
526 1106 751 1153 πολύποδος
782 1107 967 1159 θαλάμης
995 1107 1257 1160 ἐξελκομένοιο

275 1178 372 1230 πρὸς
400 1181 719 1231 κοτυληδονόφιν
752 1182 917 1222 πυκιναὶ
949 1183 1103 1237 λάιγγες
1136 1183 1301 1236 ἔχονται,

276 1248 328 1301 ὧς
359 1261 428 1294 τοῦ
459 1256 557 1307 πρὸς
587 1255 747 1312 πέτρῃσι
778 1259 1004 1311 θρασειάων
1036 1259 1114 1300 ἀπὸ
1145 1268 1283 1313 χειρῶν

167 1338 230 1369 435
278 1329 380 1382 ῥινοὶ
412 1330 681 1384 ἀπέδρυφθεν·
715 1333 782 1373 τὸν
817 1332 859 1373 δὲ
891 1333 987 1388 μέγα
1019 1333 1105 1387 κῦμ’
1143 1336 1323 1388 ἐκάλυψε.

277 1405 378 1445 ἔνθα
409 1422 452 1446 κε
483 1407 532 1459 δὴ
566 1409 757 1461 δύστηνος
790 1408 889 1463 ὑπὲρ
923 1411 1046 1464 μόρον
1079 1409 1179 1452 ὤλετ’
1210 1409 1438 1465 Ὀδυσσεὺς,

279 1482 313 1521 εἰ
343 1481 396 1534 μὴ
428 1482 700 1536 ἐπιφροσύνην
727 1482 844 1526 ’δῶκε
876 1490 1100 1539 γλαυκῶπις
1134 1488 1294 1540 Ἀθήνη·

276 1559 448 1609 κύματος
480 1559 685 1612 ἐξαναδύς,
714 1561 761 1600 τά
792 1558 818 1601 τ’
855 1561 1050 1616 ἐρεύγεται
1081 1562 1302 1616 ἤπειρόνδε,

272 1630 381 1687 ’νῆχε
411 1633 497 1688 παρ’
528 1635 586 1687 ἓξ,
617 1635 655 1683 ἐς
687 1641 804 1690 γαῖαν
837 1636 1047 1690 ὁρώμενος,
1078 1639 1118 1679 εἴ
1141 1638 1235 1680 ποθ’
1272 1640 1432 1694 ἐφεύροι

167 1718 232 1749 440

278 1708 415 1761 ἠιόνας
445 1726 484 1750 τε
515 1715 773 1765 παραπλῆγας
804 1712 961 1765 λιμένας
998 1730 1037 1754 τε
1067 1716 1282 1768 θαλάσσης.

276 1782 352 1825 ἀλλ’
390 1786 449 1826 ὅτε
482 1787 531 1838 δὴ
563 1792 753 1839 ποταμοῖο
786 1788 884 1828 κατὰ
916 1790 1038 1841 στόμα
1070 1792 1290 1844 καλλιρόοιο

272 1857 327 1909 ἷξε
359 1860 472 1913 νέων,
503 1870 549 1919 τῇ
584 1864 633 1915 δή
666 1866 735 1904 fot
767 1864 944 1905 §feiwro
977 1872 1100 1919 χῶρος
1132 1866 1299 1920 ἄριστος,

272 1940 373 1985 λεῖος
406 1938 597 1991 πετράων,
627 1938 693 1979 καὶ
727 1939 790 1980 ε’πὶ
822 1939 966 1989 σκέπας
998 1936 1048 1994 ῆν
1081 1941 1253 1994 ἀνέμοιο.

168 2157 234 2189 422
265 2158 295 2194 ἐξ
336 2158 421 2203 ἁλὸς]
457 2163 500 2191 εἶν
529 2163 577 2191 ἁλὶ
621 2163 758 2202 scripsit
790 2164 845 2194 Ar.
881 2165 969 2194 teste

125 2212 281 2249 Didymo,
312 2215 347 2242 at
376 2214 587 2244 Aristonicus
610 2215 715 2246 refert
745 2225 822 2246 eum
848 2215 877 2250 ἐξ
900 2218 971 2252 ἁλὸς

125 2274 278 2295 servasse
308 2268 342 2296 et
369 2266 485 2305 diplen
510 2269 716 2306 appinxisse,
742 2269 832 2307 quod
855 2270 970 2300 Ulixes

125 2318 208 2347 haec
245 2318 335 2348 djcat
367 2328 443 2349 cum
475 2321 548 2359 ipse
580 2321 624 2351 sit
654 2322 688 2351 in
713 2322 807 2352 mari.
833 2322 971 2360 Didymi
1003 2308 1005 2319 ⁴

125 2371 228 2408 igitur
251 2371 354 2401 verba
378 2372 536 2402 videntur
559 2374 648 2404 male
680 2374 855 2404 decurtata
884 2384 969 2405 esse.

169 2422 235 2453 424
261 2422 309 2461 ἧος
332 2431 370 2453 n⁰
396 2421 473 2467 323]
500 2428 553 2460 ἕως
577 2427 667 2463 (εἵως)
693 2427 788 2457 codd.

168 2475 231 2506 425
258 2477 324 2513 κῦμ’
351 2474 452 2519 ἔφερε]
479 2483 559 2515 κῦμα
584 2491 614 2518 φ.
643 2479 738 2509 codd.

167 2527 235 2559 426
258 2526 323 2571 sq.]
350 2529 487 2560 damnat
505 2532 667 2570 Koechly,
686 2532 753 2562 vid.
776 2532 818 2562 ad
836 2542 884 2563 vs.
906 2534 968 2563 382

126 2590 217 2619 sqq.;
248 2582 386 2612 Nitzsch
417 2592 497 2613 vero
529 2593 648 2614 versus
680 2586 826 2615 427-436
852 2588 970 2624 postea

126 2634 270 2664 insertos
291 2635 483 2672 arbitratur,
503 2636 585 2666 Fick
597 2645 645 2666 vs.
661 2638 817 2667 432-435.
833 2639 970 2668 Certum

128 2688 179 2715 est
200 2696 336 2717 versum
361 2689 424 2717 435
446 2698 597 2727 pugnare
630 2699 707 2719 cum
730 2699 779 2720 vs.
804 2691 878 2720 426.

171 2737 235 2769 426
260 2740 385 2780 δρύφθη
398 2738 500 2782 Wolf]
522 2752 553 2771 τε
574 2743 699 2783 δρύφθη
720 2743 772 2773 vel
787 2743 811 2772 τ’
831 2744 972 2784 ἕδρύφθη

126 2791 241 2826 codd.;
266 2802 296 2820 τε
322 2792 419 2834 ὁρύφη
446 2794 589 2823 coniecit
611 2795 749 2832 Kayser,
770 2795 836 2824 vid.
858 2797 972 2826 tamen

124 2852 172 2873 vs.
198 2845 272 2874 435.
303 2842 316 2884 Η
346 2845 397 2883 δ’]
424 2846 447 2874 τ’
477 2846 586 2876 multi.

169 2894 233 2927 427
269 2896 325 2935 ἐνὶ]
359 2898 407 2926 ἐπὶ
444 2898 557 2934 codd.;
589 2899 655 2928 vid.
689 2901 724 2928 A
757 2901 808 2930 55.
840 2898 852 2941 Η
882 2901 967 2943 φρέσ’

126 2948 235 2986 ἔθηκε]
259 2950 303 2978 -σὶ
327 2953 361 2978 θ.
386 2949 480 2979 codd.

169 2999 234 3030 429
261 3000 309 3039 ἧος
331 3008 369 3030 n0
394 2999 471 3044 323]
498 3004 562 3037 εἵως
587 3003 682 3033 codd.

169 3052 235 3084 480
258 3055 480 3096 παλιρρόθιον]
506 3055 549 3084 ad
572 3064 619 3085 vs.
645 3057 720 3086 412.

171 3104 234 3136 431
257 3107 476 3146 ἐπεσσυμένον]
497 3109 548 3137 ἀπ.
570 3109 864 3146 Demetrius-Ixio,
880 3110 971 3149 quod

1555 1267 1637 1299 43412
1659 1282 1703 1295 =
1725 1269 1755 1298 A
1779 1268 1842 1299 553

1557 1727 1621 1757 440
1643 1741 1687 1754 =
1710 1727 1774 1757 418

1559 1880 1622 1910 442
1648 1879 1690 1910 οε
1714 1891 1732 1918 η
1756 1880 1817 1910 281

1561 1954 1624 1984 443
1648 1968 1692 1981 =
1716 1965 1733 1991 η
1757 1953 1820 1983 282

1040 2164 1153 2203 placet
1192 2165 1346 2203 Didymo.
1384 2162 1397 2205 Η
1434 2165 1538 2204 τηλοῦ]
1573 2164 1615 2194 cf.
1640 2171 1678 2194 n0
1704 2165 1785 2200 3223
1810 2162 1882 2194 *καὶ

1040 2218 1107 2255 τῆλέ
1137 2230 1190 2254 μιν
1227 2218 1297 2254 (aut
1330 2215 1400 2247 *καὶ
1432 2217 1578 2256 τηλόθιΥὲ
1603 2217 1781 2247 Gitlbauer
1805 2225 1882 2247 con-

1037 2270 1116 2299 iecit
1139 2269 1256 2308 πλῆξεν,
1281 2271 1494 2307 ἀπεσσύμενον
1513 2270 1545 2299 δέ
1567 2281 1620 2307 μιν
1639 2271 1751 2310 ἔμβαλε
1772 2271 1882 2308 τηλόθι

1037 2325 1147 2363 πόντῳ.

1081 2375 1147 2405 432
1178 2375 1351 2410 πολύποδος
1382 2373 1477 2414 F1P]
1514 2378 1600 2405 πουλ.
1635 2375 1808 2413 plerique3
1839 2375 1882 2405 cf.

1038 2435 1075 2457 n⁰
1108 2429 1159 2458 83.
1192 2428 1263 2458 Vox
1286 2437 1352 2458 non
1380 2428 1468 2458 redit
1494 2429 1528 2458 in
1550 2420 1648 2458 Hom.
1679 2426 1692 2468 Η
1722 2428 1880 2467 θαλάμης]

1039 2481 1120 2510 alibi
1144 2489 1210 2510 non
1234 2481 1369 2518 legitur.

1081 2532 1147 2563 433
1170 2530 1422 2575 κοτυληδονόφιν]
1445 2540 1483 2562 n⁰
1496 2535 1548 2564 46.
1569 2533 1779 2564 Vocabulum
1793 2533 1883 2572 apud

1038 2588 1175 2624 poetam
1217 2595 1283 2616 non
1324 2586 1476 2616 recurrit.
1517 2584 1530 2626 Η
1571 2583 1711 2628 ἔχονται]
1752 2587 1883 2625 ἔχωνται

1042 2639 1216 2668 Thiersch.

1083 2690 1149 2722 436
1174 2692 1248 2733 ὑπὲρ
1271 2691 1381 2733 μόρον]
1407 2691 1474 2721 vid.
1498 2691 1540 2721 ad
1566 2696 1595 2720 Υ
1615 2692 1667 2721 30.

1083 2743 1149 2774 437
1175 2746 1378 2784 ἐπιφροσύνην
1398 2740 1503 2785 ’δῶκε]
1529 2745 1576 2773 ἐπὶ
1604 2745 1693 2785 φρεσὶ
1718 2748 1796 2782 θῆκε
1821 2744 1883 2774 θεὰ

1040 2793 1105 2837 (W)
1131 2796 1225 2826 Eust.
1252 2797 1286 2825 et
1310 2796 1332 2825 1.
1346 2805 1374 2825 a.
1399 2796 1433 2825 in
1458 2796 1483 2825 P
1501 2797 1551 2833 H3
1576 2796 1642 2826 vid.
1667 2805 1715 2826 vs.
1741 2797 1816 2826 427.

1081 2847 1147 2878 438
1172 2851 1322 2886 κύματος.
1337 2872 1343 2877 .
1357 2872 1362 2877 .
1376 2848 1428 2887 τά]
1455 2851 1590 2878 notetur
1611 2849 1817 2879 constructio
1838 2849 1882 2878 ad

1038 2910 1186 2931 sensum.
1215 2899 1227 2941 Η
1259 2900 1417 2939 ἐξαναδύς]
1444 2900 1474 2935 ἔξ
1498 2902 1611 2936 ὑποδὺς
1634 2902 1782 2932 Nitzsch.

1081 2952 1147 2983 439
1171 2951 1266 2983 *ποθ’
1294 2960 1332 2982 n⁰
1356 2953 1434 2992 322]
1459 2963 1528 2984 nov.

1081 3001 1243 3047 443-453]
1268 3005 1371 3035 verba
1395 3006 1444 3035 καὶ
1467 3007 1514 3035 ἐπὶ
1529 3008 1722 3048 -προχοάς
1745 3006 1882 3036 damnat

1037 3058 1220 3087 Duentzer.

1083 3108 1149 3140 443
1174 3107 1223 3149 ἧν]
1249 3110 1309 3140 ἔσχ’
1337 3110 1463 3141 Nauck.
