2068 3390
989 187 1076 214 XVII

204 315 390 353 Graviore
427 315 547 352 etiam
575 315 681 360 vitio,
711 314 745 349 si
774 314 934 358 gravius
965 324 1053 350 esse
1084 314 1229 359 potest,
1259 314 1299 349 in
1328 315 1511 352 omnibus
1536 316 1731 352 codicibus
1755 316 1907 353 laborat

151 386 327 422 metrum
355 394 497 421 versus
526 398 550 433 η
580 384 650 419 89;

328 449 512 503 ἀργύρεοι
544 447 586 488 δὲ
618 446 791 499 σταθμοὶ
819 446 861 487 ἐν
894 445 1041 503 χαλκέῳ
1076 445 1241 486 ’ἕστασαν
1273 446 1392 502 οὐδῷ,

151 526 216 561 ubi
243 527 448 570 praeterea
472 521 637 561 ἕστασαν
665 521 855 566 praebent
883 521 1071 566 plerique,
1102 531 1221 565 quam
1249 521 1418 557 formam
1446 523 1676 560 Aristarcho
1700 527 1805 562 certe
1828 536 1905 562 non

150 597 346 642 placuisse
384 597 469 633 coll.
508 596 558 632 M
599 597 647 631 55
685 595 770 630 iure
804 593 892 638 quis
922 594 1169 629 contenderit
1184 594 1225 637 ¹).
1257 593 1403 629 Veram
1431 594 1639 633 lectionem
1668 608 1690 633 a
1719 598 1907 636 Barnesio

149 668 379 704 restitutam
408 678 497 704 esse
525 667 728 712 putamus,
759 665 825 709 qui
856 665 972 700 verba
1001 664 1147 700 tradita
1176 664 1232 700 sic
1257 664 1472 709 disposuit:

327 730 497 783 σταθμοὶ
529 727 564 770 δ’
601 729 785 782 ἀργύρεοι
817 727 858 767 ἐν
890 727 1037 785 χαλκέῳ
1073 727 1238 767 ἕστασαν
1273 728 1391 784 οὐδῷ.
1407 728 1436 775 ²)

203 803 290 839 Non
320 803 472 839 cunctis
503 803 571 838 sed
598 803 735 838 tamen
763 800 963 846 plerisque
991 801 1187 837 codicibus
1218 801 1441 837 communis
1470 802 1533 837 est
1560 812 1668 839 error
1694 803 1713 850 ξ
1743 806 1838 842 478;

328 867 409 909 ἔνθ’
445 869 554 910 ἄλλοι
586 868 657 921 μὲν
690 869 832 917 πάντες
862 869 1022 921 χλαίνας
1054 868 1142 921 ἕχον
1174 867 1244 920 ἠδὲ
1274 875 1451 921 χιτῶνας,

149 943 215 979 ubi
245 943 350 979 male
379 943 555 979 abundat
582 937 664 991 μὲν.

201 1012 484 1048 Perridiculum
513 1013 648 1048 autem
677 1011 862 1057 sphalma
888 1013 929 1047 in
957 1012 1065 1048 libris
1092 1012 1211 1056 longe
1238 1011 1419 1057 plurimis
1447 1013 1560 1048 extat
1587 1026 1610 1048 v
1640 1014 1737 1049 295:

505 1081 649 1132 μύθων
681 1095 719 1119 τε
750 1081 938 1131 κλοπίων,
969 1081 1013 1120 οἵ
1037 1096 1095 1119 τοι
1128 1080 1326 1120 παιὸόθεν
1360 1080 1468 1130 φίλοι
1503 1080 1599 1119 εἰσίν

149 1163 219 1198 pro
247 1151 432 1191 πεδόθεν.
470 1153 541 1198 Qui
573 1153 665 1189 licet
694 1163 801 1189 error
825 1154 877 1189 sit
904 1153 1138 1198 tralaticius,
1163 1153 1231 1188 vix
1256 1153 1393 1188 tamen
1418 1152 1492 1188 hoc
1516 1152 1600 1189 loco
1624 1153 1665 1189 in
1687 1154 1748 1189 tot
1771 1164 1906 1189 manu—

150 1224 307 1269 scriptis
336 1224 478 1268 sponte
507 1224 636 1268 potuit
664 1223 787 1269 nasci,
818 1224 887 1259 sed
918 1233 968 1259 ex
996 1223 1106 1258 fonte
1136 1223 1337 1258 communi
1365 1222 1531 1258 fluxisse
1559 1223 1724 1259 videtur.

204 1347 278 1383 Sed
312 1347 410 1383 haec
434 1347 648 1392 hactenus;
673 1357 814 1392 parum
845 1347 949 1383 enim
980 1347 1140 1391 prodest
1171 1347 1376 1391 disputare
1405 1347 1452 1382 de
1481 1346 1590 1383 libris
1621 1348 1909 1392 antiquissimis

149 1416 263 1452 hodie
288 1417 512 1461 deperditis,
538 1417 603 1460 qui
627 1416 764 1461 quales
789 1417 935 1452 fuerint
955 1417 1147 1461 suspicari
1173 1427 1403 1462 possumus,
1423 1427 1503 1453 non
1519 1427 1736 1462 possumus
1752 1418 1908 1454 demon-

149 1487 286 1522 strare.
318 1487 402 1523 Hoc
430 1487 579 1523 certum
611 1488 684 1532 est,
715 1487 866 1523 codices
896 1486 1114 1532 optimosF
1132 1486 1432 1532 GPHMXU,
1463 1488 1508 1523 ut
1537 1488 1583 1523 de
1613 1488 1753 1524 ceteris
1784 1490 1908 1524 tacea-

149 1566 252 1599 mus,
296 1566 423 1601 neque
460 1556 630 1592 alterum
669 1566 719 1592 ex
755 1556 878 1592 altero
916 1567 1006 1592 esse
1044 1557 1183 1593 ductos
1213 1567 1341 1601 neque
1369 1557 1473 1593 inter
1501 1567 1568 1593 eos
1599 1558 1698 1593 duos
1727 1558 1910 1602 pluresve

152 1636 241 1662 esse
281 1627 347 1671 qui
384 1636 435 1662 ex
467 1627 605 1662 eodem
635 1627 851 1672 archetypo
881 1627 962 1662 sint
991 1627 1187 1672 descripti.
1220 1626 1394 1670 Quorum
1423 1627 1488 1671 qui
1519 1629 1615 1663 sunt
1644 1628 1911 1672 antiquissimi

150 1696 179 1732 F
208 1697 248 1732 et
277 1695 310 1732 Gr
338 1706 457 1741 saepe
494 1696 651 1741 quidem
680 1697 904 1741 concinunt⁷
934 1697 1004 1732 sed
1037 1696 1158 1732 nihilo
1188 1697 1315 1733 rarius
1341 1697 1586 1743 discrepant;
1612 1699 1731 1734 ceteri
1755 1708 1909 1742 quoque

151 1767 267 1802 modo
289 1764 394 1802 inter
421 1777 464 1802 se
488 1766 717 1811 conspirant
746 1766 862 1801 modo
892 1765 1090 1802 differunt.
1122 1766 1302 1802 Stemma
1325 1768 1460 1803 autem
1485 1768 1662 1803 codicum
1685 1767 1908 1804 Homerico-

151 1846 239 1872 rum
269 1838 315 1872 ut
341 1837 593 1881 probabiliter
620 1846 795 1881 unquam
825 1837 953 1881 possit
981 1837 1183 1882 constitui,
1210 1836 1325 1873 hodie
1353 1837 1421 1872 vix
1451 1838 1605 1874 videtur
1633 1847 1724 1883 spes
1754 1848 1854 1874 esse.

195 1937 359 1968 Dedimus
382 1937 542 1976 Lugduni
564 1938 638 1968 Bat.
661 1940 694 1968 et
718 1938 963 1968 Amstelodami

318 1992 462 2021 exeunte
485 2000 529 2020 m.
555 1991 708 2029 Augusto
737 1992 832 2021 1890.

196 2151 218 2192 ¹)
243 2153 316 2183 Vid.
340 2153 442 2183 etiam
466 2158 487 2194 β
512 2153 573 2182 341
601 2152 618 2181 δ
641 2152 704 2181 426
733 2164 748 2191 'l
775 2153 849 2189 101,
872 2154 913 2181 Μ
935 2153 997 2182 446
1024 2155 1052 2182 P
1073 2153 1136 2182 435
1161 2156 1188 2182 Σ
1211 2153 1273 2182 563
1298 2165 1320 2192 χ
1346 2154 1420 2183 469.

193 2205 218 2244 2)
243 2207 366 2236 Parum
401 2205 625 2245 probabiliter
662 2205 719 2234 alii
749 2205 910 2234 delebant
940 2205 1096 2235 voculam
1129 2206 1178 2242 ‹553
1204 2215 1315 2244 neque
1343 2207 1477 2243 melius,
1502 2206 1566 2236 nisi
1589 2215 1795 2244 magnopere
1820 2206 1907 2235 falli-

148 2267 235 2296 mur,
270 2259 498 2296 Ludwichius,
520 2259 555 2288 in
578 2259 765 2297 posteriore
800 2258 913 2296 potius
943 2260 1039 2296 parte
1071 2259 1260 2289 hexametri
1295 2260 1477 2290 verborum
1513 2260 1747 2289 traiectionem
1782 2259 1908 2297 requiri

150 2314 254 2347 ratus,
279 2312 470 2351 rescripsit:

637 2365 779 2406 ἀργύρεοι
805 2364 837 2393 δὲ
861 2366 998 2402 σταθμοὶ
1025 2367 1055 2394 ἓν
1079 2365 1159 2405 οὐδῷ
1184 2365 1306 2406 χαλκέῳ
1332 2366 1432 2395 ἔσταν.

149 2417 199 2447 De
243 2426 310 2455 qua
349 2417 542 2446 coniectura
577 2416 624 2446 sic
668 2416 786 2446 scribit
820 2417 926 2454 praef.
962 2426 992 2455 p.
1028 2418 1139 2447 XVIII
1174 2420 1304 2448 annot:
1342 2419 1453 2456 „quod
1490 2419 1669 2449 restituere
1701 2428 1804 2449 ausus
1834 2428 1909 2448 sum

150 2471 291 2511 ἀργύρεοι
316 2470 349 2499 δὲ
373 2471 511 2507 σταθμοὶ
536 2471 566 2499 ἐν
598 2469 677 2510 οὐδῷ
700 2469 821 2510 χαλκέῳ
847 2470 937 2499 ἔσταν
965 2479 1045 2500 sane
1070 2471 1248 2508 incertum,
1273 2471 1333 2501 sed
1363 2471 1463 2501 etiam
1493 2472 1655 2501 incertius
1676 2472 1758 2501 mihi
1778 2472 1912 2501 videtur

151 2532 224 2553 esse
260 2523 351 2560 quod
385 2523 461 2552 aliis
496 2523 625 2562 placuit
660 2524 798 2559 σταθμοὶ
834 2523 864 2552 δ’
904 2524 1045 2565 ἀργύρεοι
1074 2526 1105 2553 ἐν
1128 2524 1250 2564 χαλκέῳ
1274 2526 1407 2553 ἕστασαν
1433 2525 1551 2565 οὐδῷ”;
1579 2526 1611 2554 et
1635 2525 1668 2553 in
1693 2525 1906 2554 annotatione

150 2576 281 2606 critica:
319 2579 370 2613 „tv
405 2577 484 2618 οὐδῷ
519 2576 640 2617 χαλκέῳ
676 2577 767 2605 ἔσταν
803 2576 924 2614 scripsi
959 2577 1035 2606 coll.
1072 2580 1100 2606 Β
1133 2577 1196 2607 467
1229 2576 1300 2614 (ubi
1325 2579 1417 2606 ἔσταν
1440 2577 1524 2615 legit
1547 2578 1598 2607 Et.
1624 2578 1667 2607 M.
1693 2579 1768 2614 382,
1794 2579 1847 2614 18)
1874 2579 1907 2607 et

152 2630 183 2659 Ω
212 2630 308 2660 359.”

193 2682 261 2712 Nos
296 2683 324 2711 si
359 2682 498 2712 dubiam
532 2682 735 2712 duceremus
767 2682 920 2711 Barnesii
952 2682 1191 2720 coniecturam,
1216 2684 1426 2713 tentaremus
1450 2684 1590 2724 ἀργύρεοι
1616 2683 1648 2712 δὲ
1673 2684 1809 2720 σταθμοὶ
1835 2683 1908 2712 ἕσαν

150 2737 180 2765 ἐν
213 2736 333 2776 χαλκέῳ
369 2736 458 2776 οὐδῷ,
494 2737 585 2766 certe
620 2737 719 2765 vetus
755 2737 855 2774 poeta
888 2735 934 2764 ita
959 2737 1093 2774 poterat
1117 2745 1248 2766 canere.
1273 2736 1339 2766 Sed
1365 2736 1547 2766 Barnesius
1572 2744 1635 2765 acu
1658 2744 1729 2765 rem
1754 2735 1906 2773 tetigisse

150 2787 247 2817 nobis
278 2788 415 2826 quidem
446 2788 599 2823 videtui-3
624 2787 742 2817 aoristo
765 2797 845 2818 vero
870 2793 1015 2826 στῆναι
1044 2789 1100 2818 hic
1125 2789 1238 2820 locum
1263 2799 1336 2819 esse
1362 2798 1537 2827 negamus,
1563 2790 1595 2818 et
1620 2788 1820 2818 confidimus
1846 2798 1906 2818 nos

149 2840 261 2878 ipsum
295 2841 529 2871 Ludwichium
553 2841 729 2871 nobiscum
754 2841 936 2871 facientem
959 2841 1136 2871 habituros
1160 2852 1234 2872 esse
1261 2842 1345 2872 locis
1367 2842 1458 2872 haud
1487 2842 1709 2871 dissimilibus
1734 2850 1760 2879 ψ
1787 2843 1846 2871 101
1873 2844 1906 2871 et

153 2894 233 2929 1693
257 2893 315 2923 ubi
339 2895 367 2924 si
391 2894 576 2924 servaverit
595 2894 775 2924 lectionem
796 2894 971 2931 vulgatam
992 2895 1027 2924 οὐ
1050 2895 1106 2931 μέν
1129 2895 1153 2924 κ’
1181 2895 1254 2934 ἄλλη
1280 2896 1304 2933 γ’
1333 2894 1389 2924 ὧδε
1409 2895 1483 2932 γυνὴ
1504 2896 1636 2932 τετληότι
1658 2898 1750 2935 θυμῷ
1772 2893 1775 2933 1
1797 2894 1907 2934 ἀνδρὸς

150 2946 309 2985 ἀφεσταίη,
343 2947 424 2976 licet
459 2946 593 2976 codices
625 2947 818 2985 complures
855 2947 953 2984 eique
994 2947 1132 2977 minime
1170 2947 1409 2977 contemnendi
1443 2948 1512 2977 illic
1555 2947 1718 2976 aoristum
1753 2948 1905 2983 ἀποσταίη

176 2998 347 3035 raebeant,
383 3000 466 3029 satis
496 2999 575 3029 inde
599 3000 778 3038 apparebit
802 3000 898 3029 illum
923 3009 1059 3038 quoque
1083 3009 1285 3038 persuasum
1309 3001 1374 3030 sibi
1401 3001 1526 3030 habere
1551 2999 1643 3029 aliud
1667 2999 1758 3038 apud
1781 2999 1904 3028 Home-

168 3059 237 3087 um,
262 3052 300 3080 ut
324 3051 359 3080 in
383 3052 515 3090 reliqua
538 3052 735 3090 graecitate,
761 3062 835 3082 esse
858 3054 954 3089 stare,
978 3051 1136 3082 immotum
1156 3063 1299 3089 manere,
1324 3053 1416 3083 aliud
1446 3051 1622 3082 consistere.
