2068 3390
99 204 143 234 Τὰ
166 201 226 245 πρὸ
250 207 300 241 τῆς
321 197 601 243 μνηστηροφονίας]
839 207 916 218 ’--

1010 211 1063 216 —
1751 177 1837 221 463

128 363 206 398 XX
263 359 283 396 ἳ
313 355 348 396 δ’
419 352 434 372 ³
598 356 605 369 ¹
687 356 698 370 '
775 352 784 367 ’
825 354 838 368 ²
995 353 1003 367 '
1109 350 1117 365 '
1212 350 1221 365 '

241 374 265 396 α
386 361 485 396 αυθι
517 372 614 396 κατα
647 357 778 407 δωματ
821 366 1081 404 επισταμενως
1124 366 1322 392 πονεοντο.

133 441 195 473 160
242 432 279 480 ἐς
311 430 347 471 δ’
384 427 511 483 ἦλθον
544 433 754 483 δρηστῆρες
786 433 955 481 Ἀχαιῶν·
988 431 1026 468 οἳ
1056 427 1125 479 μὲν
1157 427 1286 466 ἔπειτα

1522 436 1582 465 160
1607 434 1650 464 cs.
1674 446 1693 463 α
1719 433 1781 463 144

243 503 286 548 εὖ
322 507 387 547 καὶ
419 506 681 558 ἐπισταμένως
710 503 874 544 ’κέασαν
907 505 1017 555 ξύλα,
1048 503 1109 543 ταὶ
1141 501 1183 542 δὲ
1213 505 1394 555 γυναῖκες

245 578 374 634 ἦλθον
406 582 484 622 ἀπὸ
515 582 675 634 κρήνης.

738 655 800 695 ἐπὶ
833 655 874 694 δέ
908 667 1043 705 σφισιν
1075 649 1173 705 ἦλθε
1206 653 1396 705 συβώτης,

245 736 343 785 τρεῖς
377 733 534 780 σιάλους
566 732 758 783 κατάγων,
792 733 830 770 οἳ
861 730 954 769 ἕσαν
986 729 1078 781 μετὰ
1108 736 1228 768 πᾶσιν
1259 727 1418 780 ἄριστοι.

245 808 309 847 καὶ
341 809 431 855 τοὺς
462 807 532 859 μέν
564 804 596 860 ρ’“’
630 807 733 846 εἴασε
765 803 853 845 καθ’
890 805 1001 857 ἕρκεα
1032 804 1131 844 καλὰ
1163 803 1364 855 νέμεσθαι,

144 893 202 924 165
250 883 367 931 αὐτὸς
400 881 435 923 δ’
472 878 552 922 αὖτ’
584 880 757 934 Ὀδυσῆα
796 882 1002 934 προσηύδα
1035 880 1260 932 μειλιχίοισι·

307 956 443 1011 ,,ξεῖν’,
473 954 497 1010 ἦ
528 957 576 1011 ἄρ
608 959 645 997 τί
676 970 717 997 σε
749 961 895 1009 μᾶλλον
930 955 1071 1008 Ἀχαιοὶ
1102 955 1337 1007 εἰσοράουσι,

248 1034 293 1086 ἠέ
324 1031 359 1073 σ’
394 1033 621 1085 ἀτιμάζουσι
652 1033 750 1072 κατὰ
785 1029 930 1085 μέγαρ’,
961 1031 1012 1079 ὡς
1039 1031 1081 1071 τὸ
1113 1031 1237 1082 πάρος
1269 1044 1340 1082 περ
1352 1025 1387 1077 ;”

307 1109 375 1149 τὸν
405 1107 442 1148 δ’
475 1108 788 1160 ἀπαμειβόμενος
816 1107 995 1159 προσέφη
1023 1107 1238 1157 πολύμητις
1261 1102 1481 1150 Ὀδυσσεύς·

300 1185 321 1200 Ἃ
383 1184 391 1198 1
488 1184 496 1197 ἲ
543 1182 552 1197 ἳ
604 1186 612 1197 Ι
826 1182 833 1197 1
962 1183 972 1196 Ι
1110 1181 1120 1195 Ι

248 1201 319 1236 ,,αι
349 1200 422 1238 γαρ
455 1186 518 1235 δη,
552 1188 719 1235 Ευμαιε,
748 1188 837 1222 θεοι
867 1194 1039 1221 τισαιατο
1071 1182 1217 1233 λωβην,

144 1269 206 1303 170
253 1259 303 1312 ἣν
335 1257 411 1299 οἵδ’
446 1259 667 1312 ὑβρίζοντες
698 1257 857 1298 ἀάῑεικέα
889 1257 1155 1309 μηχανάονται

1534 1270 1594 1299 170
1604 1269 1644 1299 of.
1654 1269 1682 1297 A
1692 1267 1779 1308 6959
1791 1267 1853 1297 588

249 1336 374 1392 folxcp
400 1335 448 1374 ἓν
480 1335 679 1390 ἀλλοτρίῳ,
711 1331 798 1374 οὐδ’
836 1333 970 1380 αἰδόος
1003 1329 1119 1371 αἶσαν
1152 1327 1323 1383 ἐχουσι.”

311 1406 363 1458 ὧς
395 1412 434 1450 οἳ
464 1408 534 1461 μὲν
567 1416 727 1449 τοιαῦτα
760 1408 857 1460 πρὸς
890 1407 1079 1459 ἀλλήλους
1112 1405 1316 1459 ἀγόρευον.

255 1486 463 1539 ἀγχίμολον
502 1485 544 1524 δέ
576 1482 637 1536 σφ’
677 1480 774 1536 ἦλθε
813 1484 1047 1530 Μελάνθιος
1081 1483 1241 1529 αἰπόλος
1273 1481 1408 1533 αἰγῶν,

257 1558 369 1614 αἶγας
401 1560 521 1614 ἄγων,
553 1563 595 1600 αἳ
625 1567 721 1599 πᾶσι
753 1559 989 1612 μετέπρεπον
1021 1559 1244 1608 αἰπολίοισι,

1790 1446 1855 1484 [sq-

1536 1494 1596 1523 173
1618 1502 1668 1530 sq.
1688 1506 1730 1518 =
1750 1503 1772 1531 φ
1793 1491 1855 1520 265

1537 1567 1598 1596 174
1619 1575 1668 1604 sq.
1690 1581 1731 1592 =
1751 1577 1768 1607 ρ
1794 1566 1856 1595 213

153 1646 213 1680 175
263 1638 424 1677 δεῖπνον
456 1636 725 1689 μνηστήρεσσι’
759 1636 841 1675 δύω
874 1632 910 1674 δ’
947 1631 1006 1685 ἅμ’
1043 1632 1181 1673 ἕποντο
1214 1638 1368 1684 νομῆες.
1810 1619 1859 1648 sq.

258 1712 324 1752 καὶ
355 1711 421 1759 τὰς
454 1711 523 1763 μὲν
555 1710 773 1762 κατέδησαν
805 1708 866 1750 ὑπ’
904 1710 1077 1765 αἰθούσῃ
1109 1707 1317 1764 ἐριδούπῳ,

261 1789 377 1836 αὐτὸς
410 1786 446 1828 δ’
484 1783 564 1828 αὖτ’
596 1785 767 1839 Ὀδυσῆα
797 1787 1003 1839 προσηύδα
1036 1785 1279 1838 κερτομίοισι·

321 1861 455 1916 ,,ξεῖν’,
485 1865 519 1903 εἰ
548 1863 614 1903 καὶ
645 1870 720 1902 νῦν
753 1860 891 1902 ἐνθάδ’
927 1861 1099 1912 ἀνιήσεις
1131 1860 1228 1900 κατὰ
1261 1861 1371 1911 δῶμα

1540 1719 1600 1748 178
1625 1723 1693 1756 sq.⁸
1726 1719 1767 1748 cf.
1798 1719 1859 1747 189

1809 1771 1858 1799 sq.

1543 1875 1603 1905 178
1628 1875 1670 1904 cs.
1696 1885 1712 1903 τ
1737 1875 1777 1903 66

263 1940 405 1993 ἀνέρας
437 1940 605 1991 αἰτίζων,
636 1939 731 1991 ἀτὰρ
764 1938 837 1978 οὐκ
868 1938 1025 1986 ἔξεισθα
1056 1938 1218 1989 θύραζε,

156 2025 218 2057 180
261 2016 416 2063 πάντως
448 2014 576 2055 οὐκέτι
608 2022 680 2054 νῶι
712 2013 1003 2067 διακρινέεσθαι
1036 2011 1104 2052 ὀίω

1545 2024 1624 2056 180¹³
1648 2039 1690 2052 =
1715 2035 1734 2054 σ
1759 2024 1820 2054 149

265 2091 357 2144 πρὶν
388 2098 525 2143 χειρῶν
556 2091 789 2143 γεύσασθαι,
820 2088 901 2129 ἐπεὶ
934 2090 982 2129 σύ
1014 2103 1084 2140 περ
1118 2088 1165 2128 οὐ
1197 2086 1294 2126 κατὰ
1325 2086 1472 2137 κόσμον

265 2168 428 2215 αἰτίζεις·
462 2166 561 2206 εἰσὶν
594 2164 637 2205 δὲ
669 2165 733 2204 καὶ
766 2165 907 2204 ἄλλοθι
940 2166 1066 2211 δαῖτες
1100 2160 1297 2215 Ἀχαιῶν.”

325 2238 376 2290 ὧς
388 2240 517 2293 ’φάτο·
536 2242 602 2282 τὸν
621 2239 657 2281 δ’
680 2240 726 2281 οὔ
744 2258 778 2281 τι
796 2239 974 2294 προσέφη
992 2241 1205 2290 πολύμητις
1219 2235 1442 2289 Ὀδυσσεὺς,

267 2314 343 2356 ἀλλ’
380 2317 505 2357 ἀκέων
534 2314 682 2368 ’κίνησε
713 2317 813 2368 κάρη
845 2315 945 2355 κακὰ
978 2315 1295 2367 βυσσοδομεύων.

1549 2251 1609 2280 183
1636 2250 1678 2279 of.
1703 2250 1737 2278 A
1762 2250 1823 2278 511

1545 2321 1607 2350 184
1633 2334 1674 2347 =
1699 2331 1716 2359 ρ
1741 2318 1803 2347 465

164 2402 222 2433 185
330 2396 427 2433 τοῖσι
461 2389 511 2432 δ’.
535 2391 596 2432 ἐπὶ
628 2392 750 2445 τρίτος
782 2386 880 2443 ἦλθε
921 2391 1113 2436 Φιλοίτιος
1146 2388 1313 2441 ὄρχαμος
1345 2387 1515 2440 ἀνδρῶν,

168 2517 230 2548 159
255 2515 352 2547 *αὖθι
376 2524 413 2546 11⁰
439 2516 518 2555 322]
542 2518 644 2547 αὑτοῦ.
675 2515 687 2556 Η
718 2512 849 2556 δώματ’]
873 2516 960 2552 δῶμα

123 2572 147 2601 F
160 2572 186 2602 P
200 2571 244 2601 M.

169 2622 231 2653 160
256 2623 298 2661 ἐς]
325 2625 356 2652 ἐκ
383 2623 501 2652 ΡΗΜ
531 2622 597 2651 alii.
628 2620 640 2662 Η
679 2616 856 2663 δρηστῆρες]
888 2631 960 2657 μνη-

124 2682 228 2718 στῆρες
250 2676 335 2711 FG;
361 2675 425 2705 vid.
451 2675 494 2704 ad
518 2687 533 2705 ο
559 2676 633 2704 330.
671 2672 684 2714 ΙΙ
718 2669 863 2714 Ἀχαιῶν]
889 2674 960 2710 ἀγή-

125 2741 207 2768 νορες
231 2728 384 2767 plerique
410 2726 466 2768 (ex
489 2739 508 2757 α
537 2724 624 2768 144).

172 2780 234 2811 163
259 2778 351 2820 μετὰ]
377 2782 408 2810 ἐν
431 2780 504 2810 FM
528 2780 594 2809 alii.

171 2832 232 2864 165
258 2832 435 2874 προσηύδα]
461 2833 550 2862 -δαεῖ
574 2832 616 2862 cf.
643 2839 679 2861 no
711 2831 771 2861 191
801 2832 835 2860 et
860 2830 930 2860 195.

173 2885 235 2916 166
258 2887 297 2927 ἄρ
328 2885 370 2923 τι]
405 2886 453 2915 Sic
485 2887 552 2921 Ar„
584 2885 641 2914 alii
674 2884 751 2926 ἄρτι.
781 2882 793 2923 ΙΙ
827 2882 963 2921 Ἀχαιοὶ]

127 2938 240 2968 hiatus
273 2938 425 2976 vitiosus,
460 2937 527 2967 vid.
563 2939 590 2966 Ε
620 2938 683 2967 484
719 2939 752 2966 et
782 2942 818 2965 110
854 2936 904 2965 14.
947 2933 958 2975 ΙΙ

129 2993 302 3031 εἰσοράουσι
327 2997 364 3019 n⁰
390 2990 467 3028 191]
499 2992 612 3020 ·όωσιν.

175 3042 236 3074 187
265 3044 294 3080 ἠέ
319 3039 364 3084 o’]
389 3042 404 3080 ἢ
428 3042 465 3071 ili
493 3042 570 3081 XY,
595 3042 737 3072 fortasse
763 3043 865 3071 recte.

175 3094 238 3127 170
269 3088 416 3135 affinga]
447 3096 613 3126 ἀτάσθαλα
647 3095 749 3126 GXn
774 3094 828 3132 (cs.
863 3105 878 3131 γ
904 3092 965 3122 207

1029 2526 1044 2555 ρ
1081 2514 1142 2543 588
1179 2524 1197 2542 σ
1235 2513 1295 2542 143
1332 2524 1348 2541 υ
1385 2509 1473 2552 370).
1511 2511 1593 2541 Cum
1630 2509 1720 2547 vulg.
1757 2509 1866 2538 conci-

1029 2568 1113 2595 nunt
1149 2578 1165 2595 υ
1200 2566 1263 2594 394
1294 2576 1316 2603 χ
1343 2565 1415 2594 432.
1445 2562 1457 2604 Η
1487 2564 1699 2601 μηχανόωνται
1725 2570 1762 2590 no
1790 2560 1867 2598 191]

1030 2621 1161 2647 —dwvrcw

1075 2669 1135 2701 171
1172 2671 1275 2704 αἰὸύος
1309 2665 1400 2698 αἶσαν
1440 2668 1598 2699 IMenrad
1635 2667 1710 2697 coll.
1748 2676 1770 2695 π
1808 2667 1866 2695 101

1030 2735 1044 2753 z
1070 2720 1126 2763 84]
1151 2723 1253 2757 αἰδοῦς
1276 2728 1385 2763 μοῖραν
1410 2722 1523 2756 codd.;
1550 2721 1592 2750 cf.
1618 2726 1654 2749 n⁰
1680 2719 1731 2749 77.

1076 2774 1153 2813 175]
1179 2775 1317 2804 damnat
1341 2774 1526 2803 Kirchhoff.

1078 2827 1140 2858 176
1164 2829 1216 2862 τὰς
1241 2823 1321 2869 FX]
1355 2828 1424 2861 τοὺς
1451 2827 1615 2865 plerique.
1642 2823 1654 2865 ΙΙ
1685 2824 1871 2862 κατέδησαν]

1032 2892 1097 2909 -σειν
1121 2881 1146 2909 F
1160 2879 1204 2909 H²
1220 2879 1257 2909 X.

1079 2931 1139 2963 177
1163 2927 1338 2973 προσηύδα]
1364 2931 1451 2960 dae?
1474 2931 1515 2960 cf.
1542 2937 1578 2960 n0
1606 2931 1665 2960 191
1691 2930 1726 2959 et
1751 2929 1821 2958 195.

1079 2983 1141 3015 178
1173 2987 1200 3014 εἰ
1234 2984 1340 3014 Cobet
1375 2983 1449 3013 coll.
1487 2986 1527 3013 M
1559 2984 1621 3013 248
1657 2987 1678 3022 β
1712 2982 1772 3011 115
1797 2980 1875 3020 ete]

1034 3039 1074 3067 ἔτι
1101 3037 1195 3067 codd.
1221 3034 1274 3078 (ut
1298 3048 1312 3065 τ
1339 3037 1404 3074 66).

1080 3089 1143 3120 182
1167 3087 1293 3129 ἄλλοθι]
1318 3088 1404 3118 ἄλλαι
1429 3089 1538 3120 multi.
