2068 3390
933 169 1009 195 XIII

94 295 302 332 cohaerere
328 295 476 330 dudum
505 294 783 330 observaverat
811 293 1040 329 LaRochius
1071 293 1231 338 (proleg.
1262 305 1297 338 p.
1327 296 1422 331 XIV
1446 301 1530 341 sq.),
1555 306 1659 332 nunc
1684 297 1847 341 apparet

93 365 332 410 descriptum
379 374 468 400 esse
510 374 560 400 ex
596 363 785 399 Palatino.
811 361 838 405 ¹)
878 362 1084 407 specimen
1122 364 1396 400 excudendum
1435 367 1585 402 curavit
1614 366 1843 403 LaRochius

94 435 132 470 in
161 435 296 471 tabula
323 435 390 470 VI.

147 577 193 602 n.
224 564 422 613 (LaRoclze
451 566 501 609 N)
532 566 709 601 Venetus
743 564 962 599 Marcianus
988 563 1029 599 n⁰
1056 566 1144 611 647,
1170 565 1309 601 classis
1333 565 1392 601 IX
1418 567 1540 602 codex
1566 568 1600 611 4,
1629 577 1678 603 ex
1693 567 1846 603 duabus

93 636 271 681 partibus
309 635 582 671 dissimillimis
617 633 861 678 compositus
890 634 963 668 est.
995 634 1168 677 Quarum
1196 635 1311 680 prior,
1342 636 1526 671 saeculo
1555 637 1664 672 XIV
1688 638 1845 682 scripta,

93 705 196 741 foliis
232 705 448 742 chartaceis
487 706 534 741 47
566 704 740 740 continet
769 718 793 741 α
826 701 924 748 1-ζ
952 703 1036 739 190.
1064 704 1171 739 Haec
1200 704 1341 740 codicis
1371 714 1475 750 pars,
1510 705 1621 741 cuius
1647 707 1846 750 specimen

93 776 254 820 praebet
289 775 481 812 LaRochii
519 775 654 811 tabula
692 774 762 820 IX,
801 774 950 810 nullius
990 776 1051 810 est
1091 775 1305 820 momenti;
1346 785 1436 811 cum
1462 776 1590 812 codIce
1618 776 1630 811 i
1657 778 1846 822 perpetuo

94 855 181 882 eam
210 846 414 882 concinere
443 846 617 882 ostendit
645 844 875 881 LaRochius
906 844 1026 889 praef.
1057 855 1092 889 p.
1123 844 1219 880 XVI
1248 854 1305 889 sq.

147 915 291 951 Contra
319 915 455 950 multis
484 915 717 951 lectionibus
747 915 904 950 aliunde
933 915 1079 959 ignotis
1109 916 1148 951 et
1177 915 1321 959 partim
1351 916 1456 951 certe
1484 916 1647 951 minime
1675 918 1844 952 contem-

93 985 232 1021 nendiS
269 985 436 1029 insignis
475 986 537 1020 est
574 994 666 1029 pars
695 984 819 1020 altera
835 983 875 1030 2),
905 985 1141 1029 bombycina
1170 984 1345 1020 saeculi
1374 985 1504 1029 XIII,
1535 995 1634 1029 quae
1663 986 1765 1022 foliis
1795 988 1844 1023 95

94 1054 305 1097 (48—142)
344 1054 505 1090 exhibet
541 1068 554 1091 ι
593 1055 756 1091 541-ω
792 1054 859 1090 fin.
901 1064 991 1091 cum
1020 1052 1194 1099 scholiis,
1225 1055 1263 1089 et
1294 1054 1433 1090 deinde
1462 1054 1623 1090 Hesiodi
1652 1055 1778 1100 Opera
1808 1057 1846 1092 et

95 1124 260 1160 Scutum
285 1145 332 1149 —-
358 1134 415 1159 vs.
449 1124 535 1160 327.
564 1124 769 1174 specimen
797 1125 836 1160 in
864 1124 999 1161 tabula
1026 1124 1065 1160 X
1092 1124 1198 1160 dedit
1225 1124 1470 1170 LaRochius,
1499 1125 1564 1169 qui
1594 1126 1723 1160 totum
1754 1135 1844 1161 eum

93 1194 280 1240 contulit;
309 1194 502 1230 nonnulla
528 1194 618 1230 inde
650 1195 903 1239 excerpserat
933 1194 1115 1230 Cobetus.

147 1338 193 1373 q.
232 1326 428 1369 (LaRoche
473 1326 514 1372 Q)
557 1326 874 1363 Vindobonensis
911 1325 956 1362 n⁰
996 1327 1058 1372 50,
1089 1326 1275 1362 saeculo
1305 1326 1390 1361 XV
1419 1327 1466 1362 ab
1491 1326 1664 1362 Antonio
1694 1327 1847 1363 Damila

93 1397 270 1434 Cretensi
307 1398 495 1433 exaratus
534 1398 583 1433 ad
614 1397 719 1432 idem
749 1397 952 1442 exemplar
981 1397 1084 1432 unde
1113 1396 1275 1432 Michael
1304 1397 1536 1441 Apostolius
1561 1398 1715 1442 partem
1747 1398 1844 1433 codi-

138 1548 161 1592 ¹)
185 1551 294 1581 Huius
328 1551 377 1581 rei
411 1550 535 1580 indicia
569 1550 737 1589 quaedam
768 1550 901 1589 pridem
929 1550 972 1580 ad
994 1550 1211 1580 LaRochium
1238 1551 1473 1588 pervenerant,
1498 1549 1556 1588 qni
1579 1550 1707 1588 proleg.
1732 1559 1764 1588 p.
1789 1550 1845 1579 XV

89 1605 138 1634 sic
174 1604 306 1634 scribit:
345 1613 442 1640 „cum
481 1604 596 1634 codice
632 1605 660 1634 L
697 1603 739 1642 [1]
777 1604 967 1634 consentire
1001 1603 1136 1633 videtur
1169 1603 1376 1633 Palatinus.”
1412 1603 1541 1640 Nempe
1574 1603 1616 1632 ad
1644 1604 1660 1638 ζ
1686 1603 1748 1632 224
1772 1612 1844 1641 sqq.

89 1659 281 1688 annotavit:
320 1658 487 1694 „224-316
523 1658 648 1688 omittit
682 1658 709 1687 L
734 1653 775 1699 [1]
814 1666 890 1687 cum
925 1654 1111 1686 Palatino.”
1143 1657 1177 1686 Si
1202 1658 1315 1686 autem
1341 1657 1407 1686 duo
1433 1656 1567 1686 codices
1590 1657 1624 1685 in
1647 1656 1707 1685 tali
1733 1665 1844 1685 errore

90 1711 282 1747 concinunt,
313 1720 414 1749 quem
439 1711 577 1740 librario
602 1710 721 1740 folium
749 1710 923 1748 archetypi
947 1710 1117 1739 omittenti
1143 1709 1363 1739 tribuendum
1387 1718 1461 1739 esse
1485 1710 1590 1747 patet,
1620 1709 1843 1739 recentiorem

89 1764 192 1802 igitur
216 1763 367 1794 codicem
392 1773 432 1794 ex
456 1764 645 1802 antiquiore
670 1764 879 1802 descriptum
903 1772 977 1793 esse
1003 1763 1113 1801 quivis
1136 1763 1338 1801 suspicetur.
1365 1763 1457 1799 Quae
1487 1762 1636 1800 suspicio
1661 1762 1736 1791 aliis
1759 1762 1842 1791 locis

89 1817 316 1846 confirmatur.
341 1817 392 1846 Ad
417 1829 433 1856 η
458 1819 498 1847 30
523 1817 682 1847 observat
702 1816 919 1847 LaRochius:
948 1818 1046 1855 „post
1068 1816 1158 1845 hunc
1180 1816 1213 1845 in
1238 1816 1265 1846 L
1291 1812 1332 1857 [l]
1357 1816 1506 1854 spatium
1531 1824 1675 1845 vacuum
1696 1824 1757 1854 pro
1777 1824 1844 1845 uno

89 1878 189 1899 versu
224 1869 380 1900 relictum
417 1871 482 1900 est:
519 1871 553 1900 in
587 1871 741 1900 Palatino
779 1878 827 1899 vs.
859 1871 911 1904 30,
948 1870 987 1899 31
1025 1869 1190 1908 adpositis
1228 1869 1254 1898 α’
1298 1871 1332 1899 et
1361 1869 1385 1907 γ’
1419 1869 1672 1898 numerantur.’'
1707 1869 1842 1899 Scilicet

88 1922 229 1952 ridicule
254 1923 378 1952 erravit
401 1923 546 1953 Palatini
570 1923 696 1953 codicis
721 1924 900 1959 corrector,
924 1922 982 1960 qui
1006 1922 1102 1960 signa
1125 1921 1183 1951 illa
1207 1921 1332 1950 allevit.
1358 1922 1483 1951 Versus
1506 1922 1595 1951 enim
1621 1923 1679 1951 31:

573 1976 650 2015 μηδὲ
674 1976 726 2005 τιν’
756 1978 931 2016 ἀνθρώπων
953 1976 1137 2017 προτιόσσεο
1160 1974 1230 2013 μηδ’
1260 1974 1367 2015 ἐρέεινε

87 2029 311 2068 paraphrasin
349 2029 430 2059 alibi
465 2039 483 2059 a
518 2039 553 2059 se
584 2030 755 2059 inventam
789 2028 885 2066 ,,μηδὲ
915 2030 992 2068 πρός
1021 2038 1088 2057 τινα
1115 2033 1175 2057 τῶν
1202 2025 1259 2056 ὧδε
1284 2028 1459 2069 ἀνθρώπων
1484 2027 1648 2062 ἐνατένιζε”
1674 2036 1735 2065 pro
1760 2035 1846 2056 novo

87 2083 285 2112 hexametro
319 2083 499 2112 Homerico
536 2083 665 2119 habuit,
701 2084 735 2112 et
767 2082 994 2111 bellissimum
1029 2081 1120 2111 hunc
1150 2081 1312 2119 “στι’χον”,
1336 2082 1375 2110 ut
1400 2081 1473 2119 ipse
1501 2082 1609 2116 vocat,
1634 2080 1667 2109 in
1694 2080 1845 2118 margine

89 2135 242 2174 appinxit
265 2136 353 2165 inter
376 2145 495 2165 versus
521 2134 561 2165 30
589 2137 622 2165 et
647 2136 686 2164 31
712 2134 948 2164 inserendum:
981 2134 1022 2172 μὴ
1054 2134 1087 2163 δὲ
1119 2135 1195 2175 πρός
1226 2145 1293 2163 τινα
1327 2135 1502 2175 ἀνθρώπων
1538 2134 1693 2168 ἐνατένιζε.
1728 2133 1844 2163 Libra-

88 2188 160 2218 rius
195 2189 309 2218 autem
346 2188 403 2226 qui
438 2188 589 2218 codicem
616 2188 627 2217 1
651 2197 692 2218 ex
719 2187 874 2217 Palatino
899 2188 1050 2217 correcto
1079 2187 1270 2225 descripsit,
1296 2195 1374 2216 cum
1399 2186 1441 2216 ad
1465 2195 1589 2216 novum
1613 2187 1716 2216 istum
1741 2186 1842 2216 hexa-

88 2242 235 2271 metrum
258 2241 418 2278 venisset,
443 2242 550 2272 sensit
574 2250 640 2271 non
664 2241 836 2270 sincerum
861 2249 935 2270 esse
966 2249 1103 2270 versum
1127 2240 1273 2278 epicum,
1297 2239 1387 2269 unde
1415 2241 1530 2269 tamen
1550 2241 1644 2269 ortus
1667 2241 1756 2269 esset
1779 2248 1843 2268 non

88 2295 271 2332 perspexit,
303 2295 363 2324 sed
393 2295 526 2333 putavit
558 2294 706 2333 graviter
738 2302 812 2323 esse
837 2294 1046 2331 corruptum,
1069 2294 1278 2331 quapropter
1305 2294 1454 2331 spatium
1478 2293 1536 2323 uni
1561 2293 1673 2323 versui
1698 2293 1845 2331 reliquit,

90 2348 128 2376 ut
151 2357 192 2377 ex
214 2347 397 2385 integriore
421 2348 582 2388 nimirum
605 2347 761 2385 exemplo
785 2346 815 2375 is
840 2346 992 2384 suppleri
1015 2347 1141 2384 posset.

133 2400 250 2430 Simile
280 2400 362 2438 quid
389 2400 431 2430 de
454 2400 609 2430 versibus
633 2400 650 2430 δ
677 2400 739 2430 598
765 2409 814 2437 sq.
840 2399 1011 2429 observari
1037 2400 1159 2437 potest.
1184 2398 1237 2427 Ibi
1259 2398 1365 2428 codex
1388 2399 1415 2428 P
1440 2399 1474 2428 in
1498 2398 1649 2436 margine
1674 2397 1846 2435 appictum

87 2453 206 2483 habet:
246 2452 317 2489 „053
351 2453 475 2482 λέλοιπα
510 2454 557 2483 ἐπὶ
596 2453 665 2492 νηὸς
699 2454 784 2493 παρὰ
819 2453 982 2494 Νέστορι”,
1015 2461 1102 2490 quae
1137 2454 1188 2482 est
1224 2452 1426 2481 scholiastae
1456 2452 1635 2490 explicatio
1668 2451 1709 2480 ad
1745 2450 1847 2479 verba

88 2507 208 2545 poetae
243 2507 417 2541 ἀνιάζουσιν
451 2509 564 2548 ἑταῖροι
598 2506 783 2545 pertinens.
819 2506 857 2535 In
893 2505 1009 2535 codice
1042 2505 1053 2534 1
1086 2507 1200 2535 autem
1235 2506 1334 2543 „post
1363 2513 1498 2534 versum
1526 2505 1587 2534 598
1613 2504 1761 2542 spatium
1786 2511 1846 2541 pro

89 2568 156 2589 uno
192 2568 292 2590 versu
326 2560 482 2590 relictum
518 2560 580 2596 est,
616 2559 674 2597 qui
709 2559 829 2597 incipit
860 2558 901 2588 ab
935 2558 993 2593 οὓς,
1026 2558 1117 2596 quod
1149 2558 1184 2587 in
1209 2557 1324 2587 codice
1354 2557 1519 2596 scriptum
1544 2558 1616 2587 est’'
1641 2552 1846 2597 (LaRoche).

89 2613 206 2642 Scriba
235 2613 340 2651 igitur
375 2612 500 2643 codicis
523 2612 534 2641 1
559 2621 619 2651 pro
643 2621 743 2642 versu
767 2611 887 2641 habuit
910 2611 1075 2647 scholion,
1105 2611 1272 2650 pellectus
1299 2611 1442 2641 fortasse
1466 2610 1623 2640 vocabuli
1648 2609 1716 2648 νηὸς
1740 2609 1847 2637 forma

90 2665 196 2704 epica,
231 2665 291 2695 sed
328 2674 405 2695 cum
439 2665 571 2696 videret
603 2665 717 2695 verbis
750 2665 818 2695 illis
852 2665 1087 2701 hexametrum
1124 2674 1190 2694 non
1226 2664 1327 2701 effici,
1358 2663 1600 2693 transscribere
1631 2661 1738 2692 noluit
1761 2670 1846 2699 quae

91 2720 248 2757 corrupta
291 2719 509 2755 existimaret,
544 2719 752 2757 quapropter
795 2727 900 2748 unum
936 2719 1068 2747 tantum
1104 2718 1246 2747 verbum
1291 2717 1449 2753 exaravit,
1486 2718 1597 2746 cetera
1633 2724 1673 2745 ex
1708 2714 1846 2744 meliore

91 2771 221 2800 scilicet
247 2771 338 2801 fonte
363 2773 482 2810 postea
507 2771 694 2801 additurus.

134 2823 188 2852 Sic
211 2825 289 2862 post
312 2836 331 2853 α
357 2825 419 2854 329
444 2824 507 2854 soli
530 2825 556 2854 P
579 2824 590 2853 l
615 2825 744 2854 addunt
768 2824 948 2854 ridiculum
973 2833 1108 2853 versum
1135 2822 1165 2857 ἓξ
1188 2824 1280 2853 ποσὶν
1303 2825 1466 2862 ἐκβεράυῑα
1489 2822 1523 2861 (l.
1549 2818 1629 2862 ἐμῤ.)
1649 2820 1845 2860 τριδάκτυλος

91 2874 276 2915 ἐξεφαάνθη,
311 2877 368 2915 qui
403 2885 469 2907 non
501 2877 638 2907 Homeri
662 2878 714 2907 est
738 2877 798 2907 sed
821 2877 944 2906 Iuliani
966 2876 1191 2915 imperatoris.
1220 2876 1260 2905 In
1284 2889 1293 2905 ι
1320 2876 1359 2905 85
1385 2875 1447 2904 soli
1470 2875 1495 2904 P
1519 2875 1529 2903 l
1555 2874 1681 2903 habent
1704 2873 1768 2902 ἕνθ’
1799 2873 1845 2900 ἐπὶ

93 2929 216 2969 ἠπείρου
248 2933 343 2969 βῆμεν
381 2939 442 2968 pro
478 2931 556 2959 ἔνθα
593 2931 623 2960 δ’
663 2930 722 2965 ἐπ’,
758 2943 767 2960 ι
804 2931 866 2960 396
904 2929 1090 2967 ἐπεσσύμεθ’
1130 2938 1191 2967 pro
1228 2927 1434 2964 ἀπεσσύμεθ’,
1467 2940 1475 2956 ι
1510 2928 1571 2956 492
1602 2928 1669 2955 τότε
1694 2925 1729 2962 δι’]
1755 2925 1843 2961 (cum

91 2979 297 3018 Aristarcho)
321 2991 382 3020 pro
406 2982 467 3011 τότ’
495 2984 560 3020 ἐγὼ,
584 2996 593 3012 ι
619 2984 681 3012 532
707 2984 756 3012 καὶ
780 2983 857 3024 μοῖρ’
889 2983 950 3011 ἐστὶ
975 2991 1036 3020 pro
1061 2983 1109 3012 καὶ
1134 2987 1227 3022 μοῖρα
1252 2982 1310 3010 aut
1332 2981 1409 3021 μοῖρ’
1439 2981 1510 3014 ἐστὶ,
1535 2981 1598 3009 etc.
1625 2980 1687 3008 etc.

139 3030 169 3074 2)
201 3034 373 3064 Notabiles
404 3035 567 3065 lectiones
598 3045 639 3065 ex
670 3036 734 3065 hoc
768 3035 883 3065 codice
916 3035 1035 3064 allatas
1067 3035 1217 3072 reperies
1240 3033 1281 3063 ad
1307 3045 1323 3063 κ
1349 3034 1400 3064 84.
1428 3036 1443 3061 λ
1469 3033 1544 3068 249,
1571 3032 1644 3067 364,
1671 3031 1743 3065 513,
1770 3029 1841 3063 580,

92 3099 114 3125 μ
141 3087 216 3122 205,
240 3086 256 3121 ξ
282 3088 312 3124 6,
339 3088 413 3124 324,
440 3089 502 3118 396
527 3090 611 3124 etc-3
637 3088 791 3118 videatur
816 3087 1017 3126 praesertim
1044 3087 1086 3116 ad
1109 3090 1125 3116 λ
1150 3087 1224 3117 622.
