2068 3390
75 196 242 233 Ὀδυσσέως
253 198 370 233 εἴσοδος
381 197 458 240 πρὸς
469 198 640 237 Ἀλκίνοον]

850 208 1059 250 -η-

1749 189 1830 232 147

119 343 193 380 Vll
226 339 462 387 Ναυσίθοος
496 336 532 378 δ’
568 339 669 379 ἔτεκε
693 338 908 395 Ῥηξήνορά
938 340 964 381 τ’
1001 342 1197 382 Ἀλκίνοόν
1229 357 1278 382 τε.

231 414 298 455 τὸν
329 413 400 467 μὲν
431 413 605 468 ἄκουρον
637 413 730 456 ἐόντ’
766 414 866 469 ἔβαλ’
903 417 1160 471 ἀργυρότοξος
1194 418 1388 458 Ἀπόλλων

144 499 184 530 65
230 492 421 543 νυμφίον,
452 491 493 531 ἐν
526 491 679 549 μεγάρῳ
711 493 805 544 μίαν
842 493 931 545 οἴην
962 496 1086 534 παῖδα
1116 494 1278 534 λιπόντα

233 567 406 621 Ἀρήτην·
438 567 510 619 τὴν
543 564 577 607 δ’
614 568 808 616 Ἀλκίνοος
835 566 1025 621 ’ποιήσατ’
1061 569 1224 621 ἄκοιτιν,

233 643 303 682 καί
332 659 399 695 μιν
430 640 522 683 ἓ’τισ’
558 642 610 691 ὡς
642 642 690 683 οὔ
721 659 778 691 τις
811 643 873 683 ἐπὶ
902 644 1019 696 χθονὶ
1050 646 1165 684 τίεται
1197 644 1306 697 ἄλλη,

237 717 349 758 ὅσσαι
380 724 456 758 νῦν
487 734 529 772 γε
560 723 742 772 γυναῖκες
774 716 836 758 ὑπ’
874 718 1040 773 ἀνδράσι
1071 723 1212 761 ,Ροῖκον
1245 720 1384 772 ἔχουσι.

237 788 289 842 ὧς
319 794 431 846 κείνη
460 793 548 848 περὶ
579 800 670 848 κῆρι
700 795 898 847 τετίμηταί
924 811 962 835 τε
993 795 1059 836 καὶ
1091 796 1168 836 ἔστι

149 877 191 911 70
237 868 279 908 ἔκ
310 884 349 909 τε
379 869 506 921 φίλων
536 871 692 910 παίδων
724 870 765 910 ἔκ
795 868 820 910 τ’
852 868 979 911 αὐτοῑ’
1015 872 1224 912 Ἀλκινόοιο

237 943 303 984 καὶ
333 948 453 997 λαῶν,
485 946 529 985 οἵ
553 947 620 998 μίν
651 946 701 1000 ῥα
731 946 830 986 θεὸν
862 945 914 995 ὣς
945 947 1186 1001 εἶσοράοντες

238 1019 469 1073 δεδᾸ-’έχαται
500 1022 703 1074 μύθοισιν,
735 1022 795 1062 ὅτε
827 1019 994 1078 στείχῃσ’
1028 1022 1106 1062 ἀνὰ
1135 1023 1274 1063 fciam

239 1096 287 1136 οὐ
319 1094 390 1148 μὲν
421 1097 494 1150 γάρ
525 1113 560 1137 τι
590 1098 688 1138 νόου
718 1113 760 1151 γε
791 1097 857 1137 καὶ
889 1097 988 1149 αὐτὴ
1022 1099 1173 1138 δεύεται
1205 1098 1364 1149 ἐσθλοῦ,

238 1173 338 1228 ,Ρῇσί
365 1169 392 1211 τ’
428 1172 716 1229 ἕπιφροσύνῃσι
747 1173 814 1213 καὶ
845 1173 1011 1227 ἀνδράσι
1042 1175 1171 1214 νείκεα
1203 1176 1295 1214 λύει.

151 1256 191 1290 75
239 1248 278 1287 εἴ
302 1247 370 1287 κέν
402 1264 460 1289 τοι
492 1249 602 1301 κείνη
633 1264 675 1302 γε
706 1249 802 1300 φίλα
834 1247 1023 1306 φρονέῃσ’
1059 1249 1115 1289 ἐνὶ
1145 1254 1277 1306 θυμῷ,

238 1324 423 1378 ,Ρελπωρή
454 1340 513 1365 τοι
545 1324 674 1364 ἔπειτα
705 1325 846 1376 φίλους
877 1324 1040 1378 ,Ριδέμεν
1071 1324 1136 1365 καὶ
1167 1324 1324 1365 ἱκέσθαι

239 1401 382 1440 ,Ροῖκον
406 1400 451 1448 ἲς
483 1400 697 1455 ὑψόροφον
729 1400 795 1441 καὶ
827 1401 901 1453 σὴν
933 1401 971 1450 ἐς
1003 1402 1171 1455 πατρίδα
1202 1399 1357 1455 γαῖαν.”

299 1471 351 1524 ὧς
382 1475 459 1530 ἄρα
490 1475 697 1529 φωνήσασ’
734 1476 862 1531 ἀπέβη
894 1481 1118 1531 γλαυκῶπις
1150 1478 1299 1529 Ἀθήνη

1524 1262 1562 1291 75
1577 1271 1626 1299 sq.
1638 1275 1679 1288 =
1693 1262 1708 1296 ζ
1720 1262 1780 1290 313
1795 1269 1845 1298 sq.

1524 1335 1582 1366 76¹³
1605 1351 1647 1363 =
1672 1336 1689 1365 ὁ
1713 1336 1774 1365 475

1526 1411 1566 1440 77
1587 1424 1629 1436 =
1648 1421 1665 1438 κ
1685 1409 1748 1438 474
1768 1409 1809 1438 cf.
1831 1408 1848 1437 δ

1681 1454 1847 1489 47643315

1525 1500 1564 1529 78
1590 1514 1632 1526 =
1656 1511 1673 1536 γ
1698 1499 1758 1528 371

241 1552 387 1593 πόντον
418 1549 471 1592 ἔπ’
508 1552 731 1607 ἀτρύγετον,
754 1551 857 1593 ’λίπε
890 1552 932 1593 δὲ
962 1554 1132 1607 Σχερίην
1169 1553 1380 1607 ἐρατεινήν·

154 1637 196 1668 80
243 1629 344 1669 ἵκετο
378 1625 414 1668 δ’
451 1628 489 1677 ἐς
525 1632 768 1683 Μαραθῶνα
799 1629 865 1669 καὶ
896 1630 1138 1684 εὐρυάγυιαν
1170 1630 1357 1683 Ἀθήνην,

241 1701 353 1744 ’δῦνε
385 1702 420 1744 δ’
452 1702 669 1759 Ἐρεχθῆος
701 1706 871 1746 πυκινὸν
904 1706 1038 1758 δόμον.

246 1857 445 1897 Ἀλκινόου
477 1856 576 1910 πρὸς
608 1855 745 1910 δώματ’
782 1859 814 1898 ἴε
845 1858 975 1898 κλυτά·

269 1983 309 2012 80
334 1982 508 2012 veteribus
532 1984 725 2021 suspectus.

142 2099 186 2131 64
209 2097 357 2144 ἄκουρον]
379 2100 584 2131 vocabulum
608 2101 699 2140 apud
718 2103 854 2141 poetam
878 2111 944 2131 non

98 2154 204 2190 redit3
225 2153 292 2185 sine
305 2153 391 2196 filiis
407 2155 608 2185 vertendum
630 2164 704 2185 esse
725 2164 766 2185 ex
786 2156 946 2185 contextu

100 2209 251 2247 apparet.
283 2208 334 2238 Ex
363 2206 525 2238 Arcadum
557 2210 616 2238 aut
650 2207 804 2237 Thracum
832 2208 946 2246 glossa

100 2262 249 2302 ἂγούρους
272 2258 330 2302 (=
353 2259 497 2302 ἐφήβους)
515 2261 551 2290 in
569 2262 679 2299 Etym.
701 2260 856 2291 Gudiano
872 2261 945 2296 124,

102 2313 142 2343 15
174 2315 208 2343 et
238 2314 330 2353 apud
359 2315 454 2344 Eust.
489 2314 586 2351 1788,
618 2315 658 2343 58
683 2314 946 2343 commemorata

100 2362 202 2407 (quos
222 2366 315 2396 locos
335 2375 376 2397 ex
394 2367 619 2406 Aristophane
639 2365 777 2395 fluxisse
799 2365 948 2395 ostendit

100 2418 217 2449 Nauck
247 2419 289 2449 de
320 2419 421 2449 Arist.
453 2429 485 2459 p.
517 2416 574 2461 96)
604 2419 737 2449 Bekker
764 2418 947 2448 admodum

100 2471 229 2502 incerta
283 2473 477 2503 coniectura
526 2473 640 2502 effecit
685 2471 946 2509 Aristophanem

99 2526 216 2555 nostro
247 2525 321 2556 loco
343 2526 476 2567 ἄγουρον
504 2525 628 2564 legisse
652 2525 743 2561 (hinc
760 2525 948 2561 corrigatur

102 2578 182 2608 Lex.
214 2578 312 2608 Hom.
346 2578 500 2617 Ebeling.
534 2587 559 2608 S.
585 2587 615 2607 V.
647 2578 799 2620 ἅκουρος).
831 2577 948 2607 Nauck

102 2631 203 2672 ἄωρον
231 2630 413 2669 legendum
447 2632 635 2670 proposuit,
660 2640 728 2669 quo
752 2633 866 2661 tamen
890 2639 946 2660 vo-

103 2683 224 2713 cabulo
259 2685 360 2722 poeta
395 2693 461 2714 non
493 2684 601 2714 utitur
630 2681 723 2724 (nam
754 2696 776 2721 μ
809 2684 848 2713 89
880 2683 947 2712 huc

102 2745 169 2766 non
193 2733 373 2778 pertinet);
398 2739 575 2776 praeterea
601 2736 724 2766 melius
744 2736 792 2765 sic
813 2735 949 2765 abesset

102 2789 199 2820 ἐόντα.
228 2787 241 2831 ΙΙ
271 2789 346 2820 ἐόντ’
374 2786 474 2832 ἔβαλ’]
499 2791 587 2819 ἐόντα
610 2790 676 2830 βάλ’
705 2788 801 2819 codd.

148 2841 190 2872 65
222 2839 368 2884 νυμφίον]
398 2851 466 2872 cum
499 2851 599 2882 nuper
630 2851 756 2872 uxorem
791 2838 932 2870 duxisset
940 2847 947 2875 ;

104 2904 241 2925 sensum
280 2897 394 2925 tamen
428 2895 532 2933 vocis,
572 2904 659 2934 quae
695 2895 794 2925 etiam
828 2897 862 2924 ψ
886 2894 947 2923 223

103 2948 261 2985 occurrit,
292 2957 358 2978 non
386 2947 486 2978 nimis
515 2948 707 2986 urgendum
737 2957 812 2978 esse
837 2956 876 2977 ex
898 2956 948 2975 se-

105 3001 289 3040 quentibus
312 3001 425 3031 verbis
449 3002 600 3040 apparet.

150 3053 267 3093 69-74]
293 3054 431 3084 damnat
453 3055 619 3093 PKnight.

150 3106 193 3138 69
217 3118 248 3137 τε
274 3108 323 3137 καὶ
348 3103 427 3149 ἔστι]
452 3107 549 3137 nihili
568 3107 735 3142 voculaey
753 3105 874 3143 ecquid
893 3104 950 3134 de·

1045 1781 1168 1835 αὐτὰρ
1194 1779 1405 1829 Ὀδυσσεὺς

1007 1858 1132 1898 πολλὰ
1163 1857 1206 1898 δέ
1235 1859 1304 1898 foc
1337 1863 1410 1911 κῆρ

1010 2103 1078 2133 leto
1111 2113 1159 2134 vs.
1195 2105 1234 2134 70
1274 2103 1456 2142 legendum
1498 2104 1549 2132 est
1591 2100 1744 2131 *τεκέεσσι
1773 2098 1776 2139 Ι
1805 2100 1853 2129 καὶ

1010 2157 1131 2187 λαοῖσ”ι>
1155 2158 1238 2187 Post
1260 2166 1397 2187 versum
1423 2157 1462 2187 67
1491 2154 1642 2185 abundat
1665 2162 1712 2183 vs.
1738 2153 1789 2183 70.

1057 2209 1099 2242 70
1122 2211 1222 2241 αὐτοῖ’
1251 2217 1287 2240 n⁰
1313 2206 1369 2251 59]
1396 2211 1498 2239 αὐτοῦ.

1057 2262 1096 2294 71
1122 2265 1311 2305 εἰσορόωντες
1336 2270 1374 2292 n⁰
1400 2259 1478 2303 191]
1502 2263 1631 2295 -όωντες,

1057 2315 1100 2347 72
1123 2313 1317 2356 ded-filatur
1339 2323 1377 2345 n⁰
1403 2311 1481 2356 134]
1507 2313 1691 2351 δειδέχαται.

1058 2367 1100 2400 74
1132 2365 1181 2409 ᾖσί
1215 2369 1238 2398 τ’
1278 2370 1496 2409 ἐπιφροσύνῃσι
1540 2360 1688 2405 IHVoss]
1731 2359 1797 2401 ᾖσίν
1832 2362 1854 2390 τ’

1013 2424 1216 2463 εὐφροσὼνῃσι
1247 2421 1298 2451 ed.
1330 2422 1424 2451 Rom,
1449 2419 1552 2457 (quod
1577 2418 1651 2448 coll.
1678 2419 1692 2451 ζ
1717 2417 1778 2446 156
1805 2423 1856 2444 re-

1013 2475 1093 2505 iecit
1116 2474 1284 2512 NitzschJ3
1317 2473 1412 2503 codd.
1442 2468 1549 2512 οἷσί(ν)
1584 2471 1635 2500 vel
1670 2464 1765 2509 ᾗοὶ(ν)
1794 2464 1857 2508 (sic

1016 2528 1215 2564 „meliores”
1231 2527 1321 2566 apud
1334 2526 1530 2564 Didymum)
1542 2524 1566 2554 τ’
1582 2519 1858 2563 εὖ(ἐυ-)φρονέῃσι.

1014 2581 1113 2618 Apud
1134 2581 1228 2610 Eust.
1251 2580 1534 2609 commemoratur
1551 2577 1571 2606 1.
1587 2586 1615 2606 a.
1632 2572 1697 2615 ᾗσιν
1710 2576 1857 2615 εὐφροσύ-

1016 2645 1090 2674 νῃσι.
1120 2631 1132 2673 ΙΙ
1163 2629 1329 2674 ἀνδράσιν]
1351 2633 1468 2672 ἀνδρῶν
1496 2627 1551 2659 X2.

1061 2685 1102 2717 76
1125 2678 1257 2724 ,Ριὸέμεν
1291 2692 1327 2715 n0
1365 2684 1442 2723 126]
1475 2684 1563 2713 ἰδέειν
1593 2681 1684 2717 Ε’ᾹΧ,
1716 2681 1740 2710 τ’
1772 2681 1859 2710 Idem·

1016 2740 1130 2770 ceteri.

1061 2792 1103 2823 79
1126 2788 1271 2834 Σχερίην]
1295 2791 1361 2821 vid.
1387 2790 1429 2820 ad
1453 2803 1466 2819 ε
1491 2790 1541 2819 34.
1572 2786 1584 2829 ΙΙ
1614 2785 1779 2829 ἐρατεινήν]
1796 2785 1815 2814 l.
1830 2795 1857 2813 a.

1017 2848 1169 2888 ἐρίβωλον.

1062 2897 1118 2937 80]
1154 2907 1290 2928 versum
1322 2898 1355 2927 in
1380 2896 1520 2926 dubium
1544 2895 1706 2924 vocarunt
1729 2893 1859 2921 veteres

1017 2952 1125 2982 critici
1138 2951 1305 2989 multique
1317 2949 1559 2983 recentiorum
1575 2946 1726 2976 defendit
1743 2943 1858 2973 Kirch-

1017 3006 1095 3035 hoff.
1128 3004 1195 3034 Cur·
1228 3006 1341 3033 tamen
1376 3000 1549 3032 Marathon
1581 2998 1860 3029 commemoretur

1018 3067 1083 3087 non
1111 3058 1253 3096 apparet
1280 3054 1504 3089 (incredibilia
1527 3053 1604 3082 hinc
1632 3050 1736 3080 efficit
1755 3048 1859 3079 Seeck

1019 3109 1160 3146 Quellen
1184 3119 1218 3148 p.
1244 3110 1331 3145 335),
1358 3105 1370 3148 ΙΙ
1397 3105 1546 3144 Ἀθήνην]
1572 3104 1611 3133 ad
1639 3116 1653 3140 γ
1679 3103 1751 3131 278.
