2068 3390
92 197 274 234 Τηλεμάχου
298 195 375 236 πρὸς
397 195 533 233 Εὔμαιον
558 194 674 240 ἄφιξις]
866 212 921 216 —
954 203 978 231 0
1013 213 1068 216 --
1756 187 1841 229 353

122 339 192 374 XV
290 334 357 373 τὸν
385 333 422 373 δ’
455 330 546 374 αὖτε
573 334 806 388 προσεἿ-ἐιπε
834 338 1012 388 συβώτης
1040 336 1208 389 ὄρχαμος
1241 335 1410 389 ἀνδρῶν·
1516 355 1577 383 389
1606 369 1648 382 Ξ
1673 355 1733 383 351

129 417 192 448 390
239 406 373 460 ,,ξεῖν”,
403 408 485 448 ἐπεὶ
516 408 564 462 ἂρ
598 410 646 461 δὴ
678 411 799 449 ταῦτά
831 409 864 461 μ’
896 411 1066 463 ἀνείρεαι
1100 410 1169 463 ἠδὲ
1202 415 1401 466 μεταλλᾷς,
1521 429 1583 457 390
1607 442 1649 454 Ξ
1674 440 1693 457 α
1717 428 1779 456 231

237 490 325 539 σιγῇ
357 490 432 523 νῦν
465 485 587 532 ξυνίει
617 484 683 524 καὶ
714 484 848 538 τέρπεο
881 486 969 526 πῖνέ
1000 503 1037 526 τε
1068 489 1211 527 ,Ροῖνον

237 558 390 610 ἥμενος.
423 560 507 599 αἵδε
540 558 581 599 δὲ
613 561 749 608 νύκτες
781 560 1011 612 ἀθέσφατον
1047 563 1123 602 ἔστι
1155 561 1225 614 μὲν
1259 563 1404 613 εὕδειν,

238 633 314 673 ἔστι
347 632 389 673 δὲ
420 634 712 688 τερπομένοισιν
744 635 957 687 ἀκουέμεν’·
993 637 1087 677 οὐδέ
1120 638 1158 676 τί
1187 650 1228 678 σε
1259 638 1344 690 χρὴ,

239 708 332 762 πρὶν
363 709 458 762 ὥρη,
487 710 734 763 καταλέχθαι·
767 711 860 763 ἀνίη
893 711 959 751 καὶ
990 714 1112 760 πολὺς
1146 714 1283 760 ὕπνος.

128 793 189 824 395
236 791 313 824 τῶν
347 782 386 824 δ’
422 784 548 825 ἄλλων
582 786 627 826 ὅν
659 802 696 826 τε
728 788 870 839 κραδίη
902 787 969 826 καὶ
999 788 1130 839 θυμὸς
1169 788 1315 843 ἀνώγῃ,

1524 800 1586 829 395
1612 800 1654 829 cf.
1682 803 1704 827 9
1731 800 1794 828 204

239 860 380 900 εὑδέτω
413 860 593 909 ἐξελθών·
627 862 707 913 ἅμα
740 859 783 902 δ’
819 861 883 914 ἠόι
917 863 1187 915 φαινομένηφι

242 936 453 987 δειπνήσας
485 934 545 988 ἅμ’
581 937 689 976 ὕεσσι
721 939 1032 994 ,Ρανακτορίῃσιν
1064 937 1230 978 ἑπέσθω.

239 1018 311 1051 νῶι
344 1009 384 1051 δ’
420 1012 478 1051 ἐνὶ
508 1013 635 1068 κλισίῃ
667 1013 827 1053 πίνοντέ
859 1029 897 1053 τε
931 1013 1156 1065 δαινυμένω
1191 1030 1228 1053 τε

239 1088 399 1139 κήδεσιν
431 1087 608 1139 ἀλλήλων
640 1090 873 1141 τερπώμεθα
905 1089 1158 1142 λευγαλέοισι,

127 1171 190 1203 400
236 1162 455 1215 μναομένω·
488 1164 582 1215 μετὰ
613 1165 685 1217 γάρ
717 1180 754 1204 τε
786 1165 852 1204 καὶ
885 1164 1015 1217 ἄλγεσι
1047 1164 1221 1217 τέρπεται
1253 1165 1365 1217 ἀνήρ.
1384 1190 1395 1193 ⁷

126 1247 190 1278 402

236 1245 348 1279 τοῦτο
382 1238 424 1279 δέ
454 1256 513 1280 τοι
543 1239 681 1293 ιΡερέω,
713 1241 734 1280 ὅ
765 1239 798 1292 μ’
835 1240 1006 1293 ἀνείρεαι
1039 1239 1108 1292 ἠδὲ
1140 1245 1336 1295 μεταλλᾷς.

1529 1252 1591 1280 402
1617 1266 1659 1277 Ξ
1687 1253 1714 1279 Γ
1736 1250 1796 1279 177

297 1316 447 1367 »νῆσός
479 1332 534 1363 τις
565 1317 696 1369 Συρίη
727 1316 985 1372 κικλήσκεται,
1018 1317 1057 1355 εἴ
1082 1313 1172 1355 ποθ’
1207 1315 1379 1367 ἀκούεις,

237 1387 438 1443 Ὀρτυγίης
467 1392 740 1444 καθύπερθεν,
771 1392 839 1431 ὅθι
871 1390 1011 1444 τροπαὶ
1045 1390 1201 1443 ἠελίοιο,

273 1540 334 1569 401
361 1540 393 1574 ὃς
416 1550 460 1574 τις
483 1539 520 1577 δὴ
543 1542 626 1577 μάλα
650 1541 747 1569 πολλὰ
770 1542 860 1579 πάθῃ
885 1540 934 1569 καὶ
963 1540 1046 1568 πόλλ’
1075 1542 1225 1579 ἐπαληθῇ.

1524 1539 1605 1569 401b
1631 1540 1674 1569 cf.
1700 1540 1714 1568 ὁ
1743 1540 1781 1568 81

139 1665 204 1696 393
227 1666 401 1705 ἀκουέμειῗ]
433 1668 554 1697 ἀκούειν
584 1667 639 1696 Ar.
667 1665 742 1696 coll.
769 1667 866 1697 εὕδειν
889 1675 938 1696 vs.

97 1719 170 1749 392.
196 1719 269 1749 Vid.
299 1722 328 1748 Τ
347 1720 386 1749 79
411 1721 446 1749 et
468 1726 506 1749 n⁰
533 1720 605 1749 125.

70 1781 75 1786 ·
140 1770 302 1811 395-402]
329 1772 467 1802 damnat
490 1773 673 1802 Duentzer.

139 1823 203 1855 395
230 1825 263 1854 ὅν
287 1835 317 1854 τε
342 1824 385 1855 U2
410 1822 516 1866 (idem
541 1825 730 1855 coniecerat
753 1821 938 1864 PKnighffl

97 1878 181 1907 ὅτινα
215 1876 268 1913 F2,
303 1878 406 1906 ὅντινα
441 1878 545 1907 ceteri
575 1879 683 1907 metro
715 1877 836 1914 invito3
874 1876 940 1906 vid.

97 1929 141 1959 ad
154 1933 179 1959 θ
193 1930 266 1960 204.
293 1927 306 1970 Η
335 1931 384 1959 καὶ
406 1930 507 1967 θυμὸς
525 1928 642 1970 ἀνώγῃ]
658 1932 758 1968 θυμός
778 1940 808 1959 τε
830 1932 940 1959 κελεύει

98 1983 160 2013 Un
195 1979 249 2023 (ut
280 1991 380 2012 versu
412 1980 555 2024 parali.)
587 1981 599 2023 ΙΙ
629 1984 729 2023 ἀνώγῃ
760 1982 940 2021 LaRoche]

99 2037 215 2072 ἀνώγει.
241 2035 290 2065 Cf.
316 2039 350 2065 H
374 2036 424 2065 74.

143 2086 208 2118 396
234 2087 279 2125 ἢόι
304 2094 341 2117 n⁰
369 2084 423 2130 77]
452 2090 503 2126 ἠοῖ.

144 2139 208 2171 397
247 2134 507 2183 Ῐανακτορίῃσιν]
555 2140 727 2171 herilibus?
773 2142 820 2170 sic
869 2142 942 2176 Ar.;

101 2194 343 2232 Aristophanes
372 2203 452 2224 vero
482 2194 663 2224 infeliciter
701 2194 866 2224 reddebat
903 2192 943 2223 ὧν

101 2250 228 2283 ἕκαστος
247 2245 339 2289 ἦρχεν
352 2244 475 2289 (quibus
493 2246 611 2287 sinquli
627 2245 752 2287 famuli
765 2245 943 2289 praesunt),

102 2309 241 2339 prorsus
263 2309 342 2330 vero
367 2299 508 2330 ridicule
533 2301 648 2330 Ameis
673 2300 747 2336 „die
769 2301 818 2330 als
840 2309 942 2338 grun-

101 2353 207 2383 zende
241 2354 371 2383 Herren
405 2354 598 2384 befehlen'⁷.
635 2354 707 2383 Non
744 2353 831 2383 redit
868 2353 944 2389 adi.⁵

102 2407 135 2435 in
160 2406 193 2435 h.
206 2406 315 2444 Apoll.
342 2407 404 2436 234
428 2403 478 2447 (et
497 2406 650 2445 Apollon.
675 2406 737 2435 Rh.
754 2406 770 2434 Ι
791 2402 869 2446 839)
895 2407 946 2434 est

102 2459 352 2489 substantivum
386 2455 622 2500 (moderamen).
661 2459 743 2488 Coll.
774 2468 797 2487 a
829 2459 847 2487 3
873 2460 944 2487 ten-

102 2512 248 2541 tavimus
269 2509 453 2550 *δειπνήσας
470 2524 522 2550 μοι
545 2513 646 2541 ὕεσσιν
666 2512 715 2549 ἅμ’
744 2512 947 2552 ι’(γρομένῃσιν

103 2564 237 2595 ἑπέσθω.
278 2565 328 2594 An
364 2564 447 2594 latet
483 2566 541 2594 ἀνὰ
571 2574 648 2594 cum
684 2565 876 2594 accusativo
913 2564 944 2593 in
978 2573 981 2582 ¹

104 2628 187 2656 -ησιν
210 2617 369 2648 exeunti?

147 2668 214 2700 400
242 2670 403 2708 μναομένω
434 2677 471 2700 11⁰
507 2671 567 2700 190
600 2672 634 2700 et
670 2667 746 2711 191]
774 2670 948 2707 Auwnogaez'von

105 2723 125 2753 l.
152 2733 179 2753 a.
204 2724 390 2761 μεμνομένω.
420 2721 432 2763 ΙΙ
464 2722 556 2763 μετὰ]
582 2724 735 2754 adverb.:
759 2725 877 2762 postea,
906 2723 947 2751 cf.

110 2780 143 2806 Ψ
164 2777 226 2806 133
261 2788 283 2815 φ
317 2777 389 2806 231.
422 2776 459 2806 L.
487 2785 516 2806 a.
547 2777 634 2814 μέγα,
661 2794 701 2798 -
726 2776 945 2806 Proverbium

106 2828 287 2867 Euripides
310 2830 359 2859 sic
379 2830 547 2867 expressit
569 2826 623 2870 (fr.
652 2827 746 2870 131):
770 2832 808 2863 ὡς
831 2829 884 2866 ἡδύ
903 2839 948 2857 ται
982 2858 983 2865 ¹

108 2881 250 2911 σωθέντα
279 2885 458 2919 μεμνῆσθαι
484 2884 593 2915 πόνων,
617 2883 734 2912 Senec.
760 2882 858 2911 Herc.
885 2882 948 2910 sur.
982 2912 983 2919 ἵ

1006 1666 1177 1697 Aristotel.
1204 1667 1301 1697 Rhet.
1326 1667 1343 1697 I
1371 1669 1408 1697 11
1435 1667 1482 1697 sic
1515 1667 1670 1696 affertur:
1706 1670 1853 1705 μνήμενος

1007 1716 1220 1759 (ιινώμενοςῖ),
1235 1721 1265 1755 ὅς
1289 1731 1333 1755 τις
1356 1721 1452 1750 πολλὰ
1477 1722 1567 1760 πάθῃ
1580 1721 1628 1749 καὶ
1643 1721 1740 1749 πολλὰ
1755 1722 1852 1760 ἐόργῃ.

1050 1771 1116 1802 403
1141 1769 1206 1814 sq.]
1239 1772 1352 1811 Syrum
1376 1771 1532 1809 insulam,
1560 1782 1645 1811 quae
1671 1771 1750 1802 Delo
1777 1769 1851 1812 (Or-

1007 1823 1126 1866 tyqiae)
1147 1826 1188 1855 ab
1209 1824 1364 1855 occidente
1385 1828 1446 1863 est,
1468 1826 1619 1863 intellegi
1643 1825 1762 1855 statuit
1778 1826 1850 1862 Ar.;

1008 1879 1050 1907 cf.
1075 1879 1196 1908 Strabo
1220 1879 1249 1907 X
1270 1879 1344 1909 487.
1365 1879 1452 1908 Huic
1471 1879 1652 1909 assentitur
1673 1879 1763 1908 Fick.
1785 1878 1850 1908 Sed

1008 1931 1199 1961 fabulosam
1231 1932 1404 1969 regionem
1437 1932 1583 1961 describi
1618 1933 1723 1970 patet,
1756 1931 1852 1960 cuius

1007 1984 1120 2022 ipsum
1163 1993 1285 2014 nomen
1330 1985 1473 2014 fortasse
1516 1985 1612 2013 finxit
1652 1986 1752 2022 poeta
1795 1980 1853 2024 (an

1009 2035 1132 2075 Syriam
1181 2033 1390 2078 cogitavitP).
1436 2037 1691 2067 Diasceuastam
1739 2038 1853 2066 autem

1009 2089 1095 2118 hanc
1120 2090 1408 2119 narratiunculam
1433 2099 1498 2119 non
1519 2089 1741 2127 excogitasse,
1767 2098 1854 2127 quae

1009 2142 1207 2172 Kirchhoffii
1229 2144 1301 2172 crat
1317 2143 1430 2181 opinio
1443 2140 1501 2183 (cf.
1517 2142 1558 2171 ad
1573 2142 1708 2171 initium
1721 2142 1800 2171 libri
1814 2139 1855 2183 o),

1011 2195 1069 2225 sed
1109 2195 1244 2224 aliunde
1276 2195 1482 2225 desumsisse
1508 2204 1583 2225 cum
1620 2195 1734 2224 Fickio
1757 2195 1855 2224 Wila-

1011 2248 1177 2277 mowitzio
1202 2247 1277 2277 aliis
1302 2250 1432 2277 certum
1457 2248 1624 2277 ducimus.
1651 2265 1691 2268 —
1708 2246 1858 2286 Odyssiae

1011 2309 1133 2330 nomen
1169 2300 1211 2330 de
1247 2299 1327 2330 Delo
1358 2301 1465 2339 accipi
1498 2302 1610 2338 potest
1641 2313 1652 2329 ε
1687 2301 1759 2336 123,
1791 2309 1857 2329 non

1011 2354 1124 2391 potest
1145 2353 1178 2382 h.
1204 2354 1264 2392 Ap.
1294 2354 1350 2389 163
1377 2352 1554 2383 Rhenaeam
1579 2353 1750 2391 designari
1780 2362 1856 2383 cen-

1012 2408 1064 2436 set
1099 2406 1217 2436 Strabo
1249 2406 1265 2435 I
1299 2407 1350 2443 10,
1382 2415 1468 2443 quac
1501 2406 1613 2444 opinio
1642 2406 1675 2435 in
1700 2418 1712 2435 ε
1739 2406 1800 2435 123
1825 2408 1859 2435 et

1012 2459 1044 2488 h.
1089 2460 1150 2497 Ap.
1195 2460 1234 2488 16
1277 2468 1343 2488 non
1387 2459 1474 2488 male
1519 2459 1680 2497 quadrat;
1724 2459 1858 2488 IHVoss

1013 2512 1187 2549 Ortygiam
1219 2510 1355 2541 Siculam
1389 2509 1424 2552 (i.
1458 2521 1485 2541 c.
1515 2512 1757 2549 Syracusarum
1782 2521 1858 2550 par-

1014 2567 1081 2593 tem
1118 2561 1405 2605 antiquissimam)
1438 2564 1620 2601 significari
1653 2565 1761 2602 putat.
1794 2564 1859 2594 Tu-

1014 2618 1082 2646 tius
1106 2617 1266 2647 statueris
1286 2626 1352 2646 non
1373 2619 1501 2646 certam
1522 2617 1670 2655 aliquam
1688 2617 1860 2655 regionem

1016 2670 1181 2707 cogitasse
1213 2671 1365 2707 poetam3
1397 2669 1438 2699 de
1466 2670 1612 2699 nominis
1640 2670 1769 2707 origine
1793 2669 1860 2699 vid.

980 2742 982 2750 i
1015 2723 1144 2752 Preller
1168 2721 1289 2759 Myth.⁴
1315 2723 1331 2751 I
1356 2731 1389 2760 p.
1415 2723 1490 2751 297.

1059 2773 1125 2804 403
1150 2773 1245 2803 *ποθ’
1273 2782 1310 2804 n⁰
1335 2771 1413 2816 322]
1440 2785 1509 2805 που.

1059 2826 1125 2856 404
1161 2827 1286 2867 τροπαὶ]
1325 2836 1391 2865 quo
1428 2836 1530 2857 sensu
1573 2827 1682 2866 accipi
1718 2827 1863 2857 voluerit

1017 2882 1116 2917 poeta
1139 2888 1201 2908 non
1224 2880 1306 2909 satis
1329 2883 1487 2918 apparet;
1509 2880 1551 2909 cf.
1569 2880 1610 2909 ad
1632 2893 1650 2915 μ
1676 2882 1693 2910 3
1716 2890 1777 2918 sq.‚
1801 2881 1861 2909 129

109 2934 171 2963 656
195 2942 274 2972 quae
291 2931 364 2973 fuit
387 2932 500 2963 durum
519 2933 593 2973 pati
624 2933 628 2973 1
661 2933 834 2964 meminisse
861 2933 951 2962 dulce
982 2921 983 2958 l
1017 2942 1090 2969 sqq.
1115 2932 1187 2961 Non
1211 2932 1298 2962 redit
1318 2933 1521 2962 vocabulum
1547 2933 1637 2971 apud
1659 2934 1863 2969 Homerum;

107 2987 162 3015 est.
187 2985 275 3015 Item
300 2985 398 3023 Verg.
424 2986 503 3016 Aen.
529 2986 545 3016 I
571 2987 645 3016 203.

152 3034 232 3079 401]
276 3037 465 3068 delevimus
506 3047 654 3076 versum,
696 3048 796 3077 quem
837 3038 951 3077 prodit
983 3053 985 3092 k

1018 2985 1107 3023 apud
1151 2986 1305 3023 posteros
1347 2984 1515 3015 solstisium
1552 2986 1730 3023 significat.
1766 2986 1863 3024 Apud

1020 3037 1163 3075 Hesych.
1190 3047 1215 3067 s.
1240 3047 1270 3067 v.
1293 3039 1431 3079 Ὀρτυγίῃ·
1452 3039 1638 3068 afferuntur
1662 3036 1682 3067 l.
1704 3047 1732 3068 a.
1756 3039 1864 3080 τροφαὶ

110 3091 217 3120 forma
252 3091 384 3120 novicia
419 3094 570 3132 ἐπαληθῇ,
606 3092 648 3121 cf.
680 3098 717 3121 n⁰
751 3093 822 3121 122.
851 3091 950 3130 Apud
983 3093 985 3126 l
1019 3093 1051 3120 et
1081 3091 1224 3131 στροφαὶ.

1692 3141 1727 3167 223
