2068 3390
111 169 244 209 Νέκυια]

898 189 956 195 .-.
985 165 1012 210 λ
1044 191 1101 195 .-.

1781 167 1867 210 253

158 314 215 349 xl
261 311 429 364 Μαῖράν
460 328 498 352 τε
520 313 734 366 Κλυμένην
759 312 785 354 τ’
818 314 956 355 ἐἏ-ἰδον
983 317 1174 370 στυγερήν
1199 314 1227 356 τ’
1253 314 1486 370 Ἐριφύλην,

147 393 209 427 327
257 383 282 436 ἢ
313 386 458 439 χρυσὸν
490 389 608 439 φίλου
641 388 786 442 ἀνδρὸς
819 389 973 438 ἐδέξατο
1008 392 1202 444 τιμήεντα.

256 461 384 509 πάσας
417 460 452 502 δ’
489 463 537 503 οὔ
569 480 636 503 κεν
667 464 741 518 ἐγὼ
773 466 1006 518 μυθήσομαι
1039 465 1128 507 οὐδ’
1167 466 1364 521 ὀνομήνω,

1544 480 1625 511 328¹>
1648 497 1691 508 =
1718 485 1743 511 B
1769 483 1832 511 488

259 536 377 585 ὅσσας
407 535 549 591 ’ἡρώων
581 538 745 592 ἀλόχους
776 538 911 581 ’.Ι-’ίδον
943 540 1014 594 ἠδὲ
1045 544 1259 597 θύγατρας·

146 622 210 653 330
255 613 348 667 πρὶν
379 615 452 668 γάρ
484 631 551 655 κεν
581 616 647 656 καὶ
678 617 750 666 νὺξ
783 616 890 669 φθῖτ’
926 617 1133 673 ἄμβροτος·
1166 619 1263 660 ἀλλὰ
1294 619 1362 660 καὶ
1394 621 1475 674 ὥρη

256 688 442 742 εὑδέμεν’,
472 690 498 743 ἢ
530 691 592 731 ἐπὶ
624 699 702 744 νῆα
733 693 840 745 θοὴν
872 691 1021 734 ἐλθόντ’
1058 694 1096 742 ἐς
1128 694 1306 749 ἑταίρους

257 765 283 818 ἢ
314 762 425 807 αὖθι·
456 768 594 820 πομπὴ
628 767 670 808 δὲ
700 768 827 810 θεοῖσ’
865 766 961 822 ὗμιν
992 786 1031 810 τε
1063 769 1255 823 μελήσει.”

315 914 368 967 ὧς
399 917 531 970 ἔφαθ’·
564 922 602 961 οἳ
633 919 668 961 δ’
699 920 775 974 ἄρα
800 922 943 970 πάντες
971 922 1073 974 ἀκὴν
1102 922 1278 976 ἐγένοντο
1308 933 1446 981 σιωπῇ·

1540 938 1603 968 333
1624 947 1673 976 sq.
1687 951 1757 968 =v
1781 940 1796 968 1
1816 947 1867 977 sq.

255 998 449 1051 κηληθμῷ
483 994 519 1035 δ’
558 996 713 1049 ἔσχοντο
745 997 844 1036 κατὰ
876 997 1026 1052 μέγαρα
1058 999 1247 1039 σκιόεντα.

144 1080 206 1111 335
252 1075 375 1111 τοῖσιν
408 1069 447 1111 δ’
482 1072 618 1126 Ἀρήτη
651 1074 888 1122 λευκώλενος
921 1073 1055 1127 ἤρχετο
1089 1076 1244 1126 μύθων·

315 1178 338 1200 „
350 1149 534 1201 Φαίηκες,
565 1156 648 1197 πῶς
679 1145 774 1201 ὗμιν
806 1149 907 1203 ἀνὴρ
942 1150 1008 1190 ὅδε
1040 1151 1221 1202 φαίνεται
1253 1148 1353 1191 εἶναι

259 1224 393 1272 ,Ρεῖδός
424 1240 462 1264 τε
495 1224 662 1278 μέγεθός
692 1240 731 1265 τε
763 1224 821 1265 ἰδὲ
852 1224 1001 1279 φρένας
1033 1226 1151 1266 ἔνδον
1184 1227 1340 1276 {fio-affl

257 1300 381 1347 ξεῖνος
413 1297 448 1339 δ’
486 1295 568 1340 αὖτ’
604 1300 694 1352 ἐμός
727 1300 816 1353 ἐστι,
846 1300 1037 1350 Ὲέκαστος
1073 1299 1108 1341 δ’
1145 1302 1287 1355 ἔμμορε
1317 1309 1440 1354 τιμῆς.

1546 1088 1608 1117 335
1634 1101 1677 1114 ==
1702 1100 1717 1127 η
1739 1090 1801 1119 233

1544 1238 1607 1269 337
1632 1253 1675 1266 ==
1699 1249 1718 1268 σ
1742 1240 1804 1268 249

1544 1283 1625 1313 337α
1648 1297 1691 1310 =
1716 1287 1744 1313 B
1769 1284 1809 1313 58

254 1383 305 1431 τῷ
338 1392 404 1428 μιν
437 1375 680 1430 ἐπειγόμενοι
712 1376 959 1430 ἀποπέμπετε
992 1376 1091 1430 μηδὲ
1121 1378 1168 1418 τὰ
1200 1380 1307 1432 δῶρα

143 1459 206 1491 340
253 1452 355 1491 οὕτω
387 1453 581 1506 χρηίζοντι
613 1454 803 1494 κολούετε·
835 1453 960 1494 πολλὰ
990 1453 1064 1508 γὰρ
1097 1450 1192 1507 ὗμιν

253 1525 408 1579 κτήματ’
443 1528 501 1568 ἐνὶ
532 1530 734 1583 μεγάροισι
765 1534 873 1570 θεῶν
906 1530 1028 1582 ἰότητι
1058 1527 1252 1570 κέονται.”

142 1611 205 1643 342
311 1607 410 1643 τοῖσι
442 1602 484 1644 δὲ
515 1604 582 1644 καὶ
612 1604 812 1657 μετέᾸ-ἐιπε
841 1605 966 1659 γέρων
998 1607 1102 1660 ἥρως
1130 1604 1325 1659 Ἐχένηος·

1543 1623 1606 1651 342
1631 1622 1673 1652 ofi
1701 1635 1716 1661 η
1743 1623 1805 1652 155

143 1688 206 1719 344
252 1675 313 1731 ,,ὦ
346 1681 466 1733 φίλοι,
498 1681 545 1721 οὐ
579 1681 658 1734 μὰν
688 1677 783 1734 ἧμιν
817 1681 894 1722 ἀπὸ
928 1689 1078 1723 σκοποῦ
1112 1681 1199 1723 οὐδ’
1237 1682 1315 1723 ἀπὸ
1349 1683 1465 1735 δόξης

147 1765 209 1796 345
259 1755 446 1808 μυθέεται
476 1758 653 1810 βασίλεια
685 1759 899 1812 περίφρων·
933 1758 1029 1799 ἀλλὰ
1060 1759 1244 1799 πιθέσθε.

254 1834 453 1874 Ἀλκινόου
487 1831 522 1873 δ’
560 1833 601 1874 ἐκ
631 1832 742 1875 τοῦδ’
779 1834 900 1887 ἔχεται
931 1834 1077 1889 ,Ρέργον
1109 1851 1148 1875 τε
1178 1835 1303 1884 ,Ρέπος
1334 1831 1413 1876 τε.”

312 1909 380 1949 τὸν
413 1907 448 1949 δ’
486 1905 566 1949 αὖτ’
604 1910 797 1958 Ἀλκίνοος
830 1909 1066 1964 ἀπαμείβετο
1097 1909 1299 1964 ’φώνησέν
1330 1925 1380 1952 τε·

254 1991 399 2037 »τοῦτο
432 1983 503 2037 μὲν
537 1986 638 2026 οὕτω
671 1986 720 2037 δὴ
753 1985 877 2035 ,Ρέπος
910 1986 1071 2039 ἔσσεται,
1102 1988 1149 2027 αἴ
1174 2003 1241 2028 κεν
1275 1988 1348 2042 ἐγώ
1380 2004 1423 2042 γε

255 2061 352 2118 ζωὸς
388 2062 603 2114 Φαιήκεσσι
636 2062 905 2116 φιληρέτμοισι
936 2064 1138 2104 Ὲανάσσω.

279 2180 341 2208 325
365 2182 426 2220 Δίῃ
451 2183 481 2209 ἐν
503 2182 658 2221 ἀμφιρύτῃ
683 2183 836 2210 Διονύσου
860 2185 1053 2223 μαρτυρίῃσι.

276 2240 339 2269 343
365 2239 397 2275 ὃς
419 2240 455 2278 δὴ
480 2243 629 2279 Φαιήκων
655 2242 776 2282 ἀνδρῶν
799 2243 1039 2284 προγενέστατος
1064 2240 1121 2281 ἦεν·

151 2338 230 2383 325]
255 2342 459 2372 damnarunt
486 2343 641 2381 PKnight
670 2343 809 2373 Nitzsch
836 2343 954 2373 Kirch-

106 2395 185 2424 hoff.
217 2393 229 2436 ΙΙ
259 2395 428 2434 Διονύσου]
459 2388 522 2425 hdo
555 2405 622 2426 uno
655 2396 729 2426 loco
755 2396 953 2435 antepenul-

106 2448 224 2478 timam
267 2448 406 2478 brevem
443 2448 556 2479 habet.
593 2447 606 2490 Η
642 2449 842 2492 μαρτυρίῃσι]
874 2449 953 2479 sub-

107 2501 292 2531 stantivum
312 2511 422 2540 neque
444 2502 528 2532 alias
548 2502 639 2540 apud
658 2505 794 2541 poetam
815 2502 953 2532 obvium

107 2563 218 2592 neque
239 2554 318 2584 huic
338 2555 412 2584 loco
435 2557 568 2593 aptum3
590 2564 631 2585 ex
649 2558 859 2597 μαργοσύνῃσι
880 2564 951 2585 cor-

107 2609 245 2645 ruptum
270 2616 343 2637 esse
372 2608 566 2646 suspicatur
589 2608 738 2638 Nitzsch.

151 2658 314 2698 328-384]
345 2660 484 2690 damnat
511 2661 708 2699 KLKayser,
732 2670 780 2691 vs.
806 2662 952 2691 333-384

107 2713 255 2749 Nitzsch,
281 2722 328 2742 vs.
354 2714 497 2743 335-361
522 2714 692 2743 Kammer.

152 2764 216 2795 328
242 2764 297 2794 *οὔ
318 2765 383 2804 κεν]
409 2768 463 2796 οὐκ
487 2765 533 2795 ἂν.

152 2816 217 2847 330
239 2814 344 2859 φθῖτ’]
370 2819 412 2848 cf.
439 2831 456 2848 κ
481 2820 520 2848 51
548 2821 581 2848 et
605 2826 642 2848 n0
669 2820 742 2848 120.

151 2869 214 2900 331
247 2871 314 2909 sq.]
352 2871 399 2901 sie
443 2872 611 2901 contrahit
645 2872 742 2902 Fick:
788 2872 952 2910 εὑδέμεναι·

107 2923 216 2961 πομπὴ
241 2923 274 2952 δὲ
299 2940 338 2944 -
363 2927 493 2962 μελήσει.

152 2975 214 3005 381
240 2975 370 3005 εὑδέμεν’
394 2983 432 3005 n⁰
453 2973 530 3018 125]
553 2977 656 3006 εὕδειν,
675 2974 688 3018 Η
709 2978 827 3007 ἐλθόντ’
852 2980 879 3011 ἐς
892 2974 951 3015 HQ]

108 3039 192 3063 -ντας
216 3029 241 3058 F
255 3029 284 3058 G
297 3029 322 3058 P
336 3026 380 3058 Η1
397 3029 430 3059 Μ
443 3029 481 3058 Χ.

153 3080 217 3111 332
240 3078 317 3111 αὖθι
342 3088 379 3110 n0
405 3078 483 3123 322]
510 3083 611 3111 αὐτοῦ.
641 3081 654 3123 Η
684 3081 790 3121 *ὖμιν]
818 3084 893 3120 ὑμῖν.

1546 2245 1609 2274 343
1633 2259 1676 2272 Ξ
1701 2250 1726 2282 η>
1744 2247 1804 2276 156

1067 2343 1133 2374 334
1157 2345 1323 2386 κηληθμῷ]
1348 2345 1412 2375 hoc
1435 2355 1504 2375 uno
1526 2346 1611 2376 loeo.

1067 2397 1133 2428 336
1158 2396 1262 2436 *ὗμιν]
1299 2399 1400 2436 ὔμμιν,
1431 2398 1533 2437 ὔμμιν,
1568 2401 1646 2437 ὕμιν,
1676 2401 1746 2438 ὑμῖν
1771 2400 1867 2430 codd.

1068 2449 1132 2481 339
1156 2463 1209 2489 μιν
1240 2451 1436 2490 Kirehhoff]
1468 2453 1510 2490 μὴ
1541 2452 1638 2482 codd.
1669 2450 1682 2493 ΙΙ
1710 2449 1762 2494 τὰ]
1789 2454 1865 2482 arti-

1023 2504 1121 2533 culus
1144 2503 1321 2534 molestus.

1066 2555 1132 2586 340
1156 2554 1262 2595 *ὗμιν]
1288 2558 1357 2594 ὑμῖν
1381 2554 1480 2598 (ἡμῖν)
1504 2558 1557 2587 vel
1583 2557 1676 2595 ὔμμιν
1700 2558 1796 2588 codd.

1066 2608 1128 2639 341
1155 2609 1290 2649 κέονται]
1316 2617 1353 2639 n⁰
1379 2611 1452 2640 169.

1065 2661 1147 2700 343]
1168 2671 1232 2692 om.
1252 2663 1277 2692 P
1292 2663 1369 2693 HM
1392 2663 1458 2692 alii.
1483 2661 1495 2703 ΙΙ
1522 2663 1762 2704 προγενέστατος
1781 2663 1866 2693 Bek-

1021 2714 1094 2752 ker]
1118 2715 1354 2757 προγενέστερος
1377 2715 1491 2751 codd.;
1525 2716 1567 2745 cf.
1593 2728 1609 2754 η
1636 2717 1708 2746 156.
1739 2715 1752 2757 ΙΙ
1781 2718 1868 2746 Huic

1022 2768 1133 2797 versui
1157 2768 1191 2797 in
1210 2768 1240 2798 U
1260 2768 1496 2806 subiungitur:
1517 2769 1566 2798 καὶ
1586 2770 1701 2806 μύθοις
1722 2769 1867 2799 ἐκέκαστο

1020 2822 1135 2849 παλαιά
1159 2830 1190 2850 τε
1214 2823 1311 2850 πολλά
1336 2831 1367 2850 τε
1392 2821 1477 2855 εἰδώς
1501 2821 1555 2858 (=
1581 2833 1597 2860 η
1626 2822 1711 2860 157).

1065 2871 1130 2901 344
1173 2871 1256 2911 ἧμιν]
1437 2872 1535 2913 (ὑμῖν)
1579 2874 1782 2912 complures,
1817 2875 1866 2904 Cf.

1020 2931 1057 2953 n0
1083 2926 1134 2954 92.

1065 2976 1128 3007 345
1152 2979 1302 3015 μυθέεται
1328 2985 1364 3007 n⁰
1391 2976 1469 3017 191]
1493 2982 1649 3016 μυθεῖται.

1064 3028 1128 3060 348
1153 3031 1224 3065 ἔπος
1243 3032 1363 3061 ἔσσεται
1385 3031 1425 3068 F]
1448 3032 1531 3060 ἔσται
1555 3032 1626 3065 ἔπος
1649 3031 1678 3060 G
1692 3031 1725 3060 M
1738 3031 1776 3067 X,
1790 3032 1866 3061 ἔστω

1020 3083 1091 3116 ἔπος
1115 3083 1152 3119 P,
1177 3084 1260 3114 ἔσται
1285 3084 1372 3126 γέρον
1397 3083 1436 3112 H.

1301 2873 1395 2911 ὔμμιν
