2035 3406
913 198 983 224 XVI

121 322 235 357 Certa
274 323 409 357 autem
446 323 684 365 argumenta
720 323 882 367 praebet
920 324 1058 357 textus
1098 321 1347 365 Homericus,
1388 330 1439 356 ex
1476 320 1618 365 quibus
1661 319 1828 356 efficitur

69 391 219 427 codices
243 391 454 426 hodiernos
481 392 551 427 aut
580 401 630 427 ex
662 401 740 427 uno
768 391 866 427 libro
896 401 1019 436 eoque
1048 402 1126 427 non
1157 392 1306 436 optimo
1335 400 1474 426 omnes
1505 400 1595 426 esse
1619 390 1830 436 derivatos,

66 461 104 495 id
133 461 236 505 quod
265 460 331 496 vix
360 461 539 496 credibile
570 463 644 507 est,
675 464 746 497 aut
769 483 803 487 —
823 462 926 506 quod
956 462 1093 497 eodem
1119 462 1219 498 redit
1238 482 1273 486 —
1293 471 1343 497 ex
1370 461 1506 505 paucis
1533 460 1683 505 aliquot
1699 470 1830 496 exem·

65 530 251 575 plaribus,
293 540 463 575 quorum
500 530 671 566 alterum
714 531 827 567 alteri
870 534 954 566 tam
999 531 1127 567 simile
1166 531 1285 567 fuerit
1324 540 1443 575 quam
1481 540 1601 566 ovum
1640 531 1704 566 est
1744 540 1829 566 ovo.

69 599 353 645 „Communem
379 601 558 636 omnium
582 602 759 637 codicum
785 611 874 637 esse
900 601 1091 645 originem
1119 600 1322 646 apparet”,
1350 601 1484 636 scribit
1509 600 1641 635 Christ
1663 600 1703 635 in
1721 599 1830 635 Iliad.

64 670 211 714 proleg.
241 680 276 714 p.
312 671 398 716 101,
430 672 471 707 et
497 672 639 709 indicia
668 672 818 717 aliquot
847 671 962 708 affert
993 681 1044 707 ex
1073 672 1218 716 Iliade;
1244 672 1417 716 possunt
1436 671 1571 707 autem
1588 680 1639 706 ex
1654 670 1833 715 Odyssea

69 749 224 784 quoque
253 740 394 777 afferri.

120 809 182 845 Sic
218 821 241 858 γ
280 810 356 846 305
396 812 435 846 et
474 810 550 846 304
581 811 716 847 ordine
744 812 901 847 inverso
933 811 1122 855 leguntur
1150 811 1189 846 in
1223 811 1408 846 omnibus
1436 810 1585 845 nostris
1615 809 1833 857 codicibus3

67 889 139 915 suo
181 882 318 916 tamen
354 880 437 916 loco
476 880 687 917 collocatos
727 880 886 925 legebat
924 881 1131 926 Didymus,
1170 881 1235 925 qui
1272 881 1321 916 ad
1349 879 1554 924 Sophoclis
1583 879 1725 915 Electr.
1758 878 1831 914 267

69 959 137 985 eos
166 950 313 996 attulit,
343 950 446 986 unde
475 951 672 994 Bergkius
704 951 875 986 correxit
904 951 1063 986 textum
1094 950 1362 986 Homericum.

121 1019 145 1057 ὃ
182 1020 230 1055 72
264 1019 304 1055 in
333 1020 518 1055 omnibus
550 1019 747 1055 codicibus
783 1019 984 1055 hodiernis
1016 1020 1078 1055 est
1107 1020 1251 1069 χαλκοῦ
1283 1031 1322 1056 τε
1354 1015 1546 1068 στεροπὴν
1578 1015 1644 1055 καὶ
1676 1016 1835 1067 δώματα

69 1087 246 1140 ἠχήεντα.
294 1090 369 1126 Sed
406 1090 444 1125 id
481 1090 583 1134 quod
622 1091 782 1133 poetam
823 1089 979 1125 dedisse
1015 1089 1115 1124 ratio
1153 1088 1311 1134 clamat,
1352 1085 1450 1125 κατὰ
1478 1088 1540 1124 vel
1569 1085 1645 1125 κὰδ
1677 1086 1836 1137 δώματα

69 1157 248 1209 ἠχήεντα,
288 1162 399 1196 extat
436 1160 476 1195 in
516 1159 676 1195 scholiis
717 1159 765 1194 ad
805 1157 846 1195 Ω
886 1159 974 1204 323,
1013 1159 1059 1194 ut
1098 1160 1303 1194 taceamus
1333 1158 1380 1193 de
1410 1158 1546 1203 hymn.
1578 1158 1659 1194 Cer.
1694 1159 1767 1194 104
1799 1158 1839 1193 et

70 1229 258 1266 Matronis
295 1231 334 1265 in
375 1230 560 1266 Convivio
599 1230 731 1265 iocosa
768 1230 989 1265 imitatione
1026 1229 1186 1271 (Athen.
1226 1228 1281 1265 IV
1322 1229 1445 1271 135b).
1479 1249 1527 1253 —
1557 1229 1666 1265 Idem
1696 1229 1838 1264 vitium

68 1294 98 1333 I.
137 1299 185 1335 H.
225 1299 330 1336 Voss
369 1301 408 1335 et
446 1299 571 1335 Lehrs
613 1298 867 1334 sustulerunt
907 1308 929 1336 6
970 1299 1058 1344 355,
1098 1299 1164 1334 ubi
1201 1308 1341 1334 omnes
1370 1298 1498 1333 nostri
1527 1297 1614 1333 libri
1644 1298 1729 1334 sine
1758 1297 1837 1333 ullo

77 1379 200 1405 sensu
228 1371 420 1415 praebent
448 1366 513 1406 καὶ
543 1370 731 1418 κεφαλῆς,
760 1369 836 1413 leg.
867 1366 942 1406 κὰκ
973 1370 1157 1418 κεφαλῆς.

129 1455 145 1478 ε
183 1441 259 1476 426
303 1440 344 1475 in
381 1439 490 1475 libris
528 1441 589 1475 est
627 1437 762 1490 ῥινούς
806 1453 844 1476 τε
877 1438 1044 1491 δρύφθη
1078 1435 1339 1490 (-4ψψ-ί-).
1377 1438 1452 1474 Ubi
1491 1439 1596 1474 sitne
1632 1435 1767 1488 ῥινούς
1799 1450 1838 1475 τε

75 1510 209 1562 δρύφη
250 1510 463 1554 legendum
496 1520 547 1546 an
584 1509 864 1555 expellendum
894 1510 947 1545 sit
974 1522 1025 1559 τε,
1048 1509 1218 1545 dubitari
1242 1511 1388 1555 potest,
1412 1509 1481 1544 sed
1506 1509 1659 1544 certum
1685 1508 1840 1544 videtur

74 1581 154 1617 tale
183 1581 324 1616 vitium
353 1590 432 1615 non
462 1580 538 1615 nisi
567 1589 653 1615 sero
684 1580 723 1615 in
755 1580 913 1615 textum
943 1579 1199 1615 Homericum
1228 1580 1398 1625 irrepere
1426 1578 1617 1623 potuisse.

128 1649 316 1686 Eiusdem
353 1648 503 1684 farinae
542 1650 604 1684 est
641 1648 757 1684 lectio
787 1662 812 1697 η
845 1649 918 1683 261
959 1647 1178 1693 (z'g287):

254 1714 329 1756 ἀλλ’
367 1716 427 1756 ὅτε
460 1715 508 1767 δὴ
543 1715 685 1769 ὄγδοόν
718 1731 784 1767 μοι
817 1715 1079 1767 ἐπιπλόμενον
1113 1714 1194 1763 ἔτος
1226 1710 1339 1767 ἦλθε,

75 1798 193 1834 quem
240 1796 402 1823 versum
449 1786 568 1822 variis
617 1786 802 1822 remediis
846 1786 967 1822 critici
1005 1787 1225 1831 tentarunt,
1264 1786 1376 1821 nobis
1413 1786 1532 1821 verba
1573 1785 1719 1820 tradita
1758 1794 1838 1820 non

74 1859 266 1894 mutanda
296 1858 365 1893 sed
394 1856 508 1892 aliter
537 1856 752 1891 ordinanda
781 1856 986 1891 videntur:

254 1919 328 1961 ἀλλ’
368 1921 427 1961 ὅτε
460 1921 508 1972 δή
541 1936 607 1972 μοι
639 1919 901 1971 ἐπιπλόμενον
934 1918 1047 1967 ,Ρέτος
1082 1918 1224 1973 ὄγδοον
1257 1914 1368 1972 ἦλθε.

171 2113 179 2130 ι
205 2100 285 2130 269;
400 2099 461 2128 ἀλλ’
496 2098 600 2132 αἰδεῖο,
632 2097 764 2139 φέριστε,
798 2099 899 2132 θεούς
936 2098 1031 2128 ἱκέται
1067 2098 1099 2128 δέ
1136 2101 1182 2128 τοί
1213 2100 1301 2135 εἶμεν.
1326 2114 1367 2119 -·
1392 2097 1482 2127 PYl
1515 2106 1577 2136 pro
1609 2098 1689 2134 εἶμεν
1713 2096 1841 2126 habent

405 2151 552 2190 εὐχόμεθ’
591 2146 675 2185 εἶναι,
707 2151 741 2180 in
772 2150 782 2179 l
815 2152 929 2180 autem
962 2160 1095 2181 erasum
1125 2153 1177 2181 est
1201 2151 1333 2193 φέριστε,
1356 2151 1395 2180 ut
1422 2159 1535 2180 errore
1559 2150 1720 2180 nimirum
1745 2158 1836 2179 com-

400 2205 603 2244 pensaretur
628 2212 731 2233 error.

173 2272 181 2288 ι
208 2260 288 2289 341:
406 2258 553 2296 μηκάδας.
581 2274 621 2277 —-
649 2257 739 2287 ΡΥ]
765 2260 880 2291 πίονας,

173 2326 182 2342 ι
207 2313 285 2342 439:
404 2311 547 2349 μέμηκον,
574 2327 615 2330 -
639 2310 728 2340 PYl
752 2310 889 2348 μέμυκον
914 2307 1009 2350 (Oves
1035 2311 1189 2348 scilicet).

175 2378 184 2395 ι
208 2365 289 2395 455:
403 2364 543 2405 ὄλεθρον.
570 2381 609 2384 -
635 2364 724 2393 PYl
750 2364 891 2405 ὀλέθρου.

174 2432 183 2448 ι
209 2419 288 2448 53οῑ
404 2418 455 2452 δὸς
478 2417 520 2455 μὴ
540 2417 700 2455 Ὀδυσσῆα.
726 2434 767 2438 -ι
792 2417 818 2446 P
833 2417 882 2446 Yl
908 2417 959 2451 δὸς
982 2417 1055 2455 μηδ’
1080 2418 1118 2446 Ὀ.
1144 2416 1265 2454 (metro
1288 2412 1419 2453 invito).

173 2485 182 2502 ι
207 2473 287 2502 559:
402 2473 609 2510 ἐκοιμήθημεν
640 2472 688 2500 ἐπὶ
720 2472 840 2510 ῥηγμῖνι
873 2472 1041 2509 θαλάσσης.
1068 2488 1107 2491 ——
1131 2470 1221 2500 ΡΥ]
1255 2472 1275 2499 ε’.
1306 2469 1390 2509 παρὰ
1419 2469 1595 2509 πρυμνήσια
1626 2467 1694 2505 νηὸς
1718 2464 1842 2508 (metro

404 2520 536 2564 invito).

175 2590 192 2607 κ
218 2578 282 2607 15:
404 2576 478 2610 νέας.
504 2593 543 2596 —
569 2577 657 2606 PYl
682 2578 770 2606 πόλιν
796 2576 929 2613 (vitium
953 2576 987 2605 in
1012 2577 1037 2606 Y
1063 2578 1252 2606 correctum
1278 2572 1354 2616 est).

174 2643 191 2661 κ
217 2632 296 2661 13οῑ
405 2631 431 2659 οἰ·
464 2630 493 2658 δ’
530 2630 594 2666 ἅμα
626 2632 744 2664 πάντες.
771 2647 811 2650 —-
836 2630 902 2659 Pro
926 2630 990 2666 ἅμα
1014 2629 1165 2659 Rhianus
1189 2631 1223 2658 et
1246 2628 1461 2658 Callistratus
1485 2626 1645 2665 legebant
1668 2626 1735 2660 ἅλα,
1760 2634 1842 2654 non—

403 2682 488 2712 nulli
524 2684 636 2712 autem
672 2683 750 2712 libri
782 2682 864 2712 olim
895 2682 955 2723 ἒέρα
987 2682 1169 2716 habebant,
1203 2681 1304 2720 idque
1336 2680 1437 2710 hodie
1462 2680 1524 2709 soli
1548 2679 1637 2709 PYl
1661 2678 1842 2717 praebent;

404 2736 486 2764 item
510 2747 527 2765 κ
554 2736 628 2765 257.

175 2800 192 2818 κ
218 2789 298 2819 179;
406 2789 491 2829 παρὰ
516 2788 576 2817 θῖν’
605 2788 683 2822 ἁλὸς.
710 2805 750 2808 —
775 2788 865 2818 PYl
890 2791 995 2826 πολιῆς
1018 2788 1088 2822 ἁλὸς
1113 2788 1199 2825 (sine
1224 2786 1349 2824 sensu).

177 2854 193 2872 κ
220 2843 301 2872 206:
405 2844 560 2878 πάλλομεν
586 2839 658 2871 ὦκα.
685 2858 725 2861 —
752 2841 842 2871 PYl
867 2843 982 2870 πάλλον
1007 2843 1129 2875 ἑλόντες.

175 2907 192 2925 κ
216 2896 297 2925 227:
403 2895 625 2933 ἀμφιμέμυκεν.
652 2911 693 2915 —
718 2895 807 2924 PYl
832 2894 1043 2934 ἀμφιβέβηκεν
1068 2890 1264 2935 (absurde);
1292 2892 1354 2922 vid.
1385 2899 1462 2929 pag.
1487 2899 1546 2920 VII.

176 2960 194 2978 κ
220 2948 301 2978 399:
407 2947 594 2988 σμερδαλέον
626 2948 773 2987 κονάβιζε·
807 2947 867 2976 θεὰ
901 2947 929 2976 δ’
965 2947 1077 2988 ἐλέαιρε
1101 2947 1150 2976 καὶ
1179 2946 1263 2984 αὐτή.
1289 2961 1330 2965 --
1355 2944 1446 2975 PYl
1469 2954 1519 2981 σμ.
1546 2944 1699 2981 κανάχιζε
1725 2943 1787 2973 θεὰ
1811 2942 1839 2972 δ’

404 2999 534 3041 ἐλέαιρεν
559 3001 705 3034 ἅπαντας.

177 3065 194 3082 κ
219 3054 301 3082 549:
408 3054 527 3082 πότνια,
553 3069 593 3073 —-
618 3052 708 3082 PYl
735 3052 887 3091 θέσφατα.

177 3119 197 3145 μ
227 3106 306 3136 1772
407 3110 508 3135 πᾶσιν.
534 3122 577 3126 -
603 3105 691 3137 PYl
721 3105 822 3146 κηρὸν,
