2068 3390
93 203 373 249 Μνηστηροφονία]

866 213 1071 256 ἡκ,-

93 353 213 388 XXII
240 347 370 400 ψυχὰς
402 348 645 400 ἐξαφέλησθε
675 348 740 388 καὶ
774 347 993 401 ἕκλελάθητ’
1029 351 1270 402 Ἀφροδίτης,

129 431 192 462 445

127 806 191 836 450

239 422 311 474 τὴν
342 421 398 476 ἄρ’
434 423 512 463 ὑπὸ
545 430 785 476 μνηστῆρσιν
818 424 905 476 ἕχον
933 422 1130 478 ’μίσγοντό
1162 441 1199 464 τε
1230 423 1401 480 λάθρῃ.”

297 493 348 546 ὧς
380 496 512 548 ἔφαθ’
544 501 586 538 αἳ
616 498 658 539 δὲ
689 504 870 552 γυναῖκες
903 500 1084 548 ἀέῗολλέες
1117 496 1245 552 ἦλθον
1278 501 1428 540 ἅπασαι

239 569 310 611 αἴν’
347 571 649 626 ὀλοφυρόμεναι,
680 575 852 628 θαλερὸν
884 575 981 614 κατὰ
1014 577 1138 628 δάκρυ
1170 575 1340 628 χέουσαι.

238 654 371 700 πρῶτα
401 647 472 700 μὲν
504 644 577 689 οὗν
610 648 752 697 νέκυας
780 648 942 703 ’φόρεον
973 655 1310 703 κατατεθνηῶτας,

237 722 312 762 κὰδ
343 720 380 762 δ’
415 721 471 776 ἄρ’
508 722 570 763 ὑπ’
607 725 782 780 αἰθούσῃ
810 723 988 765 ’τίθεσαν
1021 725 1196 778 ἐυερκέος
1229 727 1350 778 αὐλῆς

237 796 460 849 ἀλλήλοισιν
491 798 722 851 ἐρείδουσαι·
751 798 932 852 ’σήμαινε
966 799 1003 840 δ’
1037 799 1247 849 Ὀδυσσεὺς

237 873 355 921 αὐτὸς
387 873 638 927 ἐπισπέρχων
670 874 732 914 ταὶ
764 873 800 914 δ’
839 875 1028 928 ἐκφόρεον
1060 876 1126 915 καὶ
1158 876 1321 932 ἀνάγκη.

237 949 359 1002 αὐτὰρ
392 950 521 989 ἔπειτα
552 951 727 1004 θρόνους
758 951 1008 1003 περικαλλέας
1041 951 1108 1004 ἠδὲ
1140 952 1327 1005 τραπέζας

1515 742 1597 772 449¹>
1621 744 1662 773 es.
1688 748 1706 773 I
1732 746 1793 774 472

235 1025 350 1064 ’ὕδατι
380 1024 446 1064 καὶ
476 1026 679 1079 σπόγγοισι
709 1024 980 1079 πολυτρήτοισ’
1017 1026 1243 1080 ἐκάθαιρον.

237 1100 360 1154 αὐτὰρ
396 1100 617 1154 Τηλέμαχος
648 1102 714 1141 καὶ
745 1103 936 1155 βουκόλος
969 1101 1039 1154 ἠδὲ
1071 1104 1248 1155 συβώτης

129 1187 192 1216 455

1518 967 1579 995 452
1605 981 1646 993 ΣΞ
1672 968 1733 995 438

1516 1041 1578 1069 453
1606 1041 1648 1069 σε
1674 1041 1736 1070 439

1515 1115 1577 1144 454
1602 1130 1644 1141 ==
1674 1123 1699 1152 ψ
1728 1115 1790 1144 297

239 1178 450 1231 λίστροισιν
484 1178 657 1218 δάπεδον
690 1180 797 1219 πύκα
827 1183 1005 1230 ποιητοῖο
1039 1179 1176 1230 δόμοιο

233 1250 355 1301 ’ξῦον
387 1252 449 1292 ταὶ
480 1251 515 1293 δ’
552 1253 694 1306 ἔφερον
726 1253 866 1310 δμῳαὶ,
892 1251 1071 1293 ’τίθεσαν
1104 1253 1145 1293 δὲ
1177 1256 1336 1306 θύραζε.

236 1329 359 1382 αὐτὰρ
391 1328 473 1369 ἐπεὶ
505 1329 554 1380 δὴ
586 1337 666 1369 πᾶν
698 1329 868 1382 μέγαρον
902 1330 1222 1381 διεκοσμήσαντο,

1519 1345 1579 1374 457
1590 1355 1639 1383 sq.
1655 1346 1694 1375 cf.
1711 1347 1774 1375 440
1791 1355 1837 1383 sq.

236 1404 368 1460 δμῳὰς
401 1402 438 1444 δ’
474 1404 726 1458 ἐξαγαγόντες
766 1404 978 1452 ἐυσταθέος
1011 1406 1195 1457 μεγάροιο

237 1481 431 1533 μεσσηγύς
462 1496 500 1519 τε
530 1481 657 1520 θόλου
689 1480 754 1520 καὶ
786 1480 988 1532 ἀμύμονος
1021 1479 1149 1533 ἕρκεος
1183 1481 1306 1532 αὐλῆς

127 1564 191 1595 460
233 1553 391 1595 'fe'Mov
422 1555 479 1595 ἐνὶ
511 1555 644 1608 στένεϊ,
676 1556 772 1596 ὅθεν
805 1555 852 1595 οὔ
885 1571 966 1603 πως
999 1551 1068 1607 ἦεν
1101 1555 1250 1604 ἀλύξαι.

236 1634 335 1671 τοῖσι
367 1629 409 1670 δὲ
445 1630 665 1683 Τηλέμαχος
696 1630 944 1682 πεπνυμένος
974 1626 1053 1683 ἦρχ’
1090 1630 1304 1683 ἀγορεύειν·

89 1846 136 1867 vs.
161 1837 222 1867 471
251 1839 285 1867 et
308 1844 344 1866 n⁰
370 1837 422 1867 56.
456 1838 496 1867 In
527 1836 552 1866 F
585 1839 637 1867 est
663 1842 779 1866 πασῶν.
805 1837 930 1866 Verum

88 1890 221 1920 videtur
256 1888 385 1924 *πάσας,
418 1890 460 1919 cf.
490 1894 520 1919 Υ
540 1890 603 1920 436
641 1890 793 1919 σε...ἀπὸ
826 1890 930 1927 θυμὸν

89 1945 208 1980 ἕλωμαι,
249 1947 273 1972 Ο
307 1944 371 1972 460
403 1946 431 1972 Ρ
459 1943 523 1972 678
552 1941 792 1980 μιν...ἐξει’λετο
817 1944 929 1978 θυμόν,

88 1996 134 2025 ita
169 1997 282 2025 tamen
317 1995 425 2034 ψυχὴν
460 2003 526 2024 non
557 1996 665 2033 ψυχὰς
695 1996 927 2033 expectaveris

88 2049 260 2086 sequentis
284 2056 402 2078 versus
426 2048 532 2077 initio.
556 2048 713 2078 Liberius
735 2047 808 2084 (sed
830 2056 928 2077 cona-

87 2110 165 2131 men
187 2103 285 2131 vocat
306 2102 393 2139 ipse)
418 2100 507 2130 huno
533 2100 644 2130 locum
670 2100 804 2130 refinxit
836 2100 929 2136 Fick,

88 2154 146 2192 qui
181 2153 272 2184 delet
302 2162 350 2182 vs.
382 2154 445 2183 444
471 2162 532 2192 sq.,
556 2152 679 2182 deinde
708 2153 863 2182 lacunam
889 2162 929 2182 ex

88 2215 136 2236 vs.
160 2207 223 2237 463
249 2215 298 2244 sq.
317 2206 364 2236 ita
388 2206 518 2244 explet:
543 2207 583 2240 εἰς
603 2206 619 2234 ὅ
647 2217 678 2235 κε
700 2205 803 2242 θυμὸν
823 2204 827 2245 1
850 2207 929 2234 ἰάων

89 2257 270 2299 ἐξαφέλησθ’
297 2260 328 2288 αἳ
354 2260 418 2295 ἐμοὶ
443 2258 508 2289 κατ’
536 2258 636 2288 ὀιέίδέ
673 2259 783 2296 ἔχευαν
804 2257 808 2296 Ι
829 2258 928 2297 αἰδοίῃ

88 2312 111 2341 τ’
139 2313 251 2351 ἀλόχῳ,
276 2314 360 2352 παρά
384 2322 415 2341 τε
438 2316 625 2352 μνηστῆρσιν
649 2312 745 2345 ἴαυον,
774 2319 851 2340 mox
870 2311 927 2340 de-

87 2364 164 2393 letis
199 2363 354 2394 versibus
392 2364 538 2394 461-473
575 2363 723 2400 reponit:
758 2366 861 2392 θεῑνον
896 2363 927 2391 δὲ

87 2416 211 2456 Ξίφεσιν,
235 2419 336 2451 πάσας
358 2416 382 2446 τ’
410 2417 472 2445 ἀπὸ
498 2404 602 2453 θυμὸν
627 2418 736 2445 ἕλοντο.

130 2468 196 2499 444
219 2468 424 2509 ἐξαφέλησθε]
450 2478 559 2507 comp.
584 2477 649 2498 non
675 2468 772 2498 redit.
803 2467 815 2507 ΙΙ
847 2470 925 2497 ἐκλε-

87 2522 196 2560 λάθητ’
238 2520 455 2561 GHermann]
498 2521 696 2551 ἐκλελάθωντ’
743 2521 782 2555 G,

87 2575 196 2612 Apoll.
220 2574 296 2610 lex„
320 2575 435 2604 —301111'
451 2574 548 2604 codd.
569 2574 733 2612 plerique.
756 2573 805 2602 Cf.
824 2576 848 2602 B
863 2574 925 2602 600

92 2631 115 2655 O
139 2628 179 2656 60
204 2629 238 2656 et
261 2627 326 2656 vid.
352 2634 389 2656 n0
414 2628 488 2656 221.

129 2675 210 2720 445]
236 2687 312 2709 cum
337 2679 451 2708 Fickio
487 2679 641 2717 spurium
666 2678 839 2712 ducimus;
873 2678 926 2706 vix

88 2732 175 2761 enim
201 2731 429 2769 Homericum,
450 2731 553 2760 immo
574 2731 628 2760 vix
649 2731 815 2761 Graecum
830 2732 927 2759 sonat

827 2521 923 2549 -9011'

87 2785 269 2824 Σίφροὸίτην
300 2785 389 2822 ἔχειν.
427 2782 439 2823 Ι]
489 2789 675 2825 μνηστῆρσιν
708 2783 796 2822 ἔχων]
842 2781 923 2823 *-ρσ’

87 2832 192 2875 allow?
217 2834 230 2876 ΙΙ
254 2837 412 2873 ’μίσγοντό
438 2835 483 2873 τε]
507 2837 652 2873 μίσγον-Ψ
678 2837 725 2865 ὅτε
751 2835 924 2873 HStepha-

87 2897 150 2917 nus
175 2897 238 2917 non
265 2889 366 2918 recte.

130 2939 194 2971 447
229 2937 303 2982 αἴν’]
345 2940 436 2981 οἴκτρ’
464 2950 484 2969 n
527 2941 669 2971 fortasse
711 2943 819 2975 recte3
858 2940 924 2969 vid.

86 3005 109 3022 ω
134 2995 185 3023 59.

130 3044 195 3075 448
220 3049 474 3083 κατατεθνηῶτας
500 3046 634 3084 ULW]
662 3052 780 3080 -ειῶτας
803 3043 926 3086 (minag

88 3095 227 3139 -ηκότα;)
253 3098 424 3137 plerique3
449 3099 490 3128 cs.
516 3106 552 3127 110
581 3100 652 3128 160.

1517 1495 1579 1523 459
1605 1509 1646 1520 =
1672 1495 1733 1523 442

1516 1645 1576 1673 461
1605 1645 1647 1673 cf.
1677 1647 1707 1673 Η.
1732 1644 1794 1673 347
1817 1647 1844 1672 Σ

1040 1835 1106 1867 450
1130 1837 1196 1876 sq.]
1222 1837 1359 1866 damnat
1382 1837 1563 1866 Duentzer.

1039 1888 1104 1919 450
1123 1891 1294 1928 ἀλλήλοισιν
1314 1890 1348 1919 Μ
1369 1891 1402 1919 et
1423 1889 1444 1918 l.
1458 1898 1486 1917 a.
1501 1888 1591 1926 apud
1605 1885 1716 1929 Eust]
1739 1891 1838 1927 -λῃσιν

996 1942 1160 1980 plerique.
1189 1942 1239 1972 Cf.
1274 1950 1300 1980 ψ
1330 1942 1382 1971 47.
1407 1942 1541 1971 IHVoss
1571 1942 1707 1978 ἀλλήλοις
1733 1943 1838 1981 ἐνερεί-

997 1995 1104 2024 domum
1130 1994 1284 2024 coniecit.

1039 2046 1102 2077 45].
1130 2047 1340 2088 ἐπισπέρχων]
1366 2049 1547 2085 ἐπιστείχων
1571 2046 1680 2075 multi.

1038 2099 1103 2130 453
1128 2100 1339 2141 πολυτρήτοισ’
1368 2098 1552 2139 ἐκάθαιρον]
1579 2109 1623 2127 -σι
1649 2110 1673 2127 κ.
1699 2098 1794 2127 codd.

1037 2151 1102 2182 455
1137 2152 1317 2193 λίστροισιν]
1354 2152 1418 2181 hoc
1454 2160 1521 2181 uno
1557 2151 1641 2183 1000.
1678 2151 1738 2180 sed
1776 2154 1838 2179 λισ-

994 2208 1108 2247 τρεύειν
1132 2218 1155 2234 ω
1180 2206 1254 2235 227.
1283 2205 1355 2235 Vid.
1378 2213 1464 2243 quae
1489 2204 1531 2233 ad
1558 2204 1572 2232 ὁ
1597 2204 1658 2233 627
1685 2205 1719 2233 et
1739 2215 1760 2242 (ρ
1775 2204 1837 2232 120

995 2267 1068 2295 sqq.
1095 2260 1174 2287 sunt
1197 2258 1386 2287 observata.

1038 2309 1103 2340 456
1126 2311 1233 2351 ἔφερον
1258 2309 1335 2349 Xn]
1362 2312 1487 2351 ἐφόρεον
1512 2309 1565 2339 vel
1594 2310 1739 2349 ἐκφόρεον
1768 2308 1838 2346 ple-

994 2363 1108 2400 rique;
1133 2363 1174 2392 cf.
1199 2370 1237 2392 n⁰
1260 2363 1276 2393 7
1300 2365 1333 2392 et
1356 2363 1416 2392 191
1441 2364 1475 2392 et
1496 2361 1537 2391 ad
1552 2373 1568 2391 κ
1583 2362 1656 2391 358.
1687 2360 1837 2390 obiectum

993 2406 1221 2451 desideratum
1257 2415 1378 2453 ecquid
1418 2413 1486 2443 *ταὶ
1521 2415 1553 2443 δὲ
1589 2414 1657 2452 (δῶτ’
1696 2413 1840 2453 ἐκφόρεον

993 2465 1050 2510 (cfi
1077 2470 1092 2503 ζ
1118 2468 1197 2504 93J?

1037 2519 1102 2550 458
1127 2521 1156 2550 δ’
1185 2521 1253 2550 ΡΗ
1278 2519 1350 2557 alii]
1375 2528 1440 2549 om.
1466 2518 1629 2556 plerique.

1036 2572 1101 2603 459
1126 2573 1238 2611 θόλου]
1264 2572 1329 2602 vid.
1355 2581 1401 2601 VS.
1434 2573 1507 2601 442.

1035 2624 1100 2655 460
1124 2621 1275 2655 *fedior
1310 2626 1351 2653 ἐνὶ
1389 2620 1498 2664 στένεϊ]
1534 2625 1627 2652 εἴλεον
1659 2625 1690 2651 ἐν
1722 2626 1837 2652 στείνει.

994 2678 1040 2707 De
1077 2678 1180 2707 verbo
1214 2671 1336 2706 ,Ρέλλειν
1373 2676 1437 2705 vid.
1477 2683 1513 2705 11⁰
1551 2677 1624 2713 265,
1663 2675 1704 2704 de
1742 2675 1840 2704 στένει·

992 2738 1028 2759 110
1055 2731 1106 2768 71,
1131 2739 1208 2760 cum
1232 2732 1301 2759 tota
1325 2729 1492 2758 sententia
1518 2728 1559 2757 cs.
1584 2741 1603 2765 μ
1621 2729 1694 2756 210.
1716 2728 1836 2758 Nostro

991 2784 1063 2812 iure
1087 2783 1190 2816 στένος
1210 2782 1401 2820 scribimus,
1423 2781 1502 2810 licet
1523 2781 1603 2809 alibi
1627 2786 1740 2813 στεῖνος
1761 2789 1835 2818 per-

991 2838 1094 2874 petuo
1126 2835 1257 2864 dicatur
1288 2835 1319 2864 in
1353 2835 1462 2871 Hom.‚
1487 2833 1610 2863 ceteris
1635 2833 1724 2861 enim
1753 2833 1836 2861 loeis

991 2889 1053 2917 hoc
1090 2897 1211 2917 nomen
1247 2889 1279 2917 in
1316 2886 1384 2916 arsi
1421 2887 1524 2916 habet
1555 2885 1720 2922 syllabam
1745 2886 1834 2923 prio-

991 2950 1073 2978 rem,
1108 2941 1189 2970 item
1226 2941 1366 2970 verbum
1404 2943 1567 2975 στείνομαι,
1603 2938 1698 2967 euius
1723 2939 1834 2967 tamen

992 2993 1136 3022 activum
1182 2994 1233 3021 est
1277 2992 1377 3021 στένω.
1420 2990 1577 3020 IMenrad
1613 2992 1836 3027 proposuerat

991 3047 1083 3074 εἴλεον
1108 3047 1136 3079 ἐς
1160 3050 1274 3079 στεῖνος
1297 3044 1386 3081 (eoll-
1414 3045 1480 3072 ΦΒ
1506 3045 1540 3071 Χ
1564 3044 1634 3080 12),
1661 3044 1718 3071 aut
1745 3044 1835 3071 mem

992 3100 1021 3125 ἐν
1047 3098 1143 3125 στένει·
1165 3094 1256 3137 (coll.
1285 3096 1403 3125 Aeas-h.
1429 3095 1526 3124 Eum.
1555 3096 1643 3134 520).
