2068 3390
822 925 1147 962 ΟΔΥΣΣΕΙΑΣ
1176 937 1213 965 τ.

323 1074 488 1109 Ὀδυσσέως
510 1075 560 1104 καὶ
586 1074 765 1112 Πηνελόπης
788 1074 889 1110 ὁμιλία
913 1069 977 1113 (vs.
1004 1070 1130 1113 1-316).
1157 1089 1196 1092 —
1225 1074 1270 1101 Τὰ
1295 1074 1406 1114 νίπτρα
1431 1069 1494 1113 (vs.
1520 1073 1583 1103 317
1608 1070 1709 1114 sqq.).

167 1421 266 1457 XIX
351 1415 474 1469 αὐτὰρ
506 1414 527 1456 ὃ
558 1415 600 1456 ἐν
632 1416 785 1472 μεγάρῳ
817 1414 1041 1454 ὑπελείπετο
1076 1415 1159 1461 δῖος
1184 1410 1396 1461 Ὀδυσσεὺς
1572 1428 1587 1456 1
1615 1436 1664 1465 sq.
1690 1442 1732 1454 =
1757 1429 1795 1457 51
1824 1436 1872 1466 sq.

291 1492 550 1545 μνηστήρεσσι
581 1491 710 1543 φόνον
742 1491 816 1531 σὺν
848 1490 997 1547 Ἀθήνη
1029 1490 1282 1543 μερμηρίζων.
1574 1473 1589 1501 1
1616 1487 1659 1499 Ξ
1685 1485 1700 1511 '¹
1725 1473 1788 1502 230

291 1564 394 1619 αἶψα
427 1566 469 1608 δὲ
504 1567 728 1620 Τηλέμαχον
759 1566 884 1607 ,Ρέπεα
914 1567 1122 1620 πτερόεντα
1153 1567 1372 1619 προσηύδα·
1574 1576 1592 1605 3
1618 1591 1660 1603 =
1684 1588 1700 1618 ρ
1727 1577 1787 1606 591

353 1674 376 1695 „
390 1643 598 1697 Τηλέμαχε,
628 1644 698 1697 χρὴ
731 1641 844 1696 τεύχε’
882 1642 1001 1697 ἀρήια
1032 1640 1234 1695 κατθέμεν’
1272 1643 1361 1682 εἵσω

225 1729 241 1759 5
289 1720 416 1759 πάντα
449 1717 549 1772 μάλ’,
580 1719 703 1773 αὐτὰρ
737 1725 960 1772 μνηστῆρας
992 1722 1198 1771 μαλακοῖσι
1229 1717 1392 1758 ,Ρέπεσσι
1574 1727 1802 1756 5-9271286
1824 1735 1899 1764 sqq.

293 1796 544 1849 παρφάσθαι,
575 1796 635 1836 ὅτε
666 1795 733 1836 κέν
766 1808 807 1835 σε
838 1799 1074 1847 μεταλλῶσιν
1107 1793 1331 1843 ποθέοντες·

293 1871 357 1924 ,ἐκ
387 1879 543 1912 καπνοῦ
574 1869 773 1924 κατέθηκ’,
803 1870 886 1911 ἐπεὶ
917 1870 1045 1912 οὐκέτι
1077 1868 1170 1911 τοῖσ’
1207 1870 1415 1923 ἕῈε-Ροίκει,

294 1944 358 1988 οἷά
389 1963 481 1988 ποτε
516 1948 707 2001 Τροίηνδε
738 1947 835 1988 κιὼν
867 1946 1088 1987 κατέλειπεν
1118 1944 1342 1998 Ὀδυσσεὺς,

294 2023 390 2064 ἀλλὰ
421 2025 712 2076 κατηῐείκισται
745 2024 839 2064 ὅσον
869 2023 994 2076 πυρὸς
1027 2020 1110 2062 ἵκετ’
1149 2022 1288 2075 ἀυτμή.

208 2109 248 2140 10
295 2100 393 2154 πρὸς
420 2097 457 2140 δ’
490 2100 543 2140 ἔτι
568 2099 635 2140 καὶ
660 2100 748 2140 τόδε
775 2102 905 2152 μεῖζον
933 2099 990 2139 ε’νὶ
1007 2098 1147 2153 φρεσὶν
1164 2099 1304 2152 ἔμβαλε
1323 2099 1489 2151 δαίμων,
1580 2116 1620 2145 10
1645 2115 1688 2145 ef,
1712 2125 1735 2144 n
1761 2115 1822 2144 291

296 2177 349 2229 μή
380 2191 462 2224 πως
493 2174 771 2227 Ὲοινωθέντες,
801 2175 883 2228 ἔριν
915 2175 1123 2227 στήσαντες
1155 2174 1197 2214 ἐν
1227 2170 1336 2227 ὗμιν,
1578 2186 1678 2215 11-13
1705 2200 1747 2213 =
1779 2194 1802 2213 n
1839 2184 1902 2213 292

295 2251 487 2304 ἀλλήλους
517 2253 685 2305 τρώσητε
716 2250 997 2304 καταισχύνητέ
1028 2267 1065 2291 τε
1101 2252 1214 2291 δαῖτα
1828 2238 1903 2266 sqq.

295 2328 360 2368 καὶ
393 2328 579 2380 μνηστύν·
613 2327 731 2375 αὐτὸς
762 2327 834 2381 γὰρ
868 2326 1065 2379 ἐφέλκεται
1096 2325 1223 2380 ἄνδρα
1257 2324 1477 2379 σίδηρος.(”

357 2399 408 2452 ὧς
437 2401 565 2455 ’φάτο
601 2403 821 2455 Τηλέμαχος
853 2401 895 2442 δὲ
926 2403 1027 2459 φίλῳ
1060 2403 1285 2443 ἐπεπείθετο
1316 2401 1445 2455 πατρὶ,
1581 2415 1621 2444 14
1645 2429 1687 2441 =
1707 2426 1728 2452 χ
1751 2414 1824 2451 108,
1839 2413 1901 2442 393

211 2489 249 2520 15
297 2479 339 2520 ἐκ
371 2478 413 2520 δὲ
443 2479 728 2531 καλεσσάμενος
759 2478 938 2532 προσέφη
970 2479 1117 2532 τροφὸν
1151 2477 1430 2532 Εὐρυκλέειαν·
1582 2492 1620 2521 15
1645 2506 1687 2518 2
1711 2503 1734 2530 φ
1759 2491 1822 2520 380

196 2635 212 2666 1
240 2635 270 2676 ὅ]
296 2637 313 2666 ὅ
336 2637 385 2674 y‘?
410 2636 476 2666 vid.
503 2644 542 2667 n⁰
568 2638 607 2667 15
634 2638 668 2668 et
692 2638 733 2668 ad
762 2639 788 2667 Θ
813 2638 886 2667 271.
1023 2631 1026 2683 ζ
1059 2637 1132 2667 eius
1187 2645 1279 2666 arma
1332 2635 1533 2674 iampridem
1586 2635 1696 2664 iacere
1743 2634 1901 2672 seposita.

194 2689 216 2719 2
236 2691 291 2719 σὺν
320 2691 437 2730 Ἀθήνῃ
467 2687 671 2732 μερμηρίζων]
704 2693 849 2721 metrum
880 2691 990 2728 ingra-
1025 2688 1026 2722 l
1105 2686 1197 2731 5-13]
1225 2689 1266 2719 de
1291 2689 1344 2719 his
1369 2689 1435 2718 vid.
1461 2689 1503 2718 ad
1527 2698 1549 2718 π
1574 2689 1637 2718 286
1664 2697 1736 2726 sqq.

151 2744 238 2778 tum;
265 2742 307 2772 cf.
332 2744 445 2772 tamen
469 2748 490 2783 β
515 2744 588 2773 325.
1025 2723 1026 2773 l
1104 2741 1200 2780 7-13]
1227 2742 1365 2771 damnat
1388 2742 1506 2771 Bothe.

195 2794 290 2833 3-52]
311 2804 330 2824 a
350 2795 562 2825 diasceuasta
580 2805 654 2826 esse
679 2796 811 2826 additos
835 2796 992 2835 probabi·
1106 2793 1147 2824 10
1171 2796 1213 2824 ἐνὶ
1235 2812 1275 2815 -
1301 2794 1433 2833 δαίμων]
1466 2796 1506 2824 ἐνὶ
1588 2795 1699 2834 ἔμβαλε
1726 2794 1781 2823 vix
1813 2794 1904 2822 recte

152 2848 194 2878 lis
214 2850 266 2877 est
284 2846 482 2878 Kirchhoffii
495 2849 608 2887 opinio
622 2846 703 2890 (vid.
718 2850 870 2879 adn281
885 2847 993 2891 sqq.);
1061 2847 1184 2877 dicitur
1219 2856 1329 2885 neque
1365 2847 1448 2876 alias
1479 2848 1636 2877 occurrit.
1662 2847 1904 2876 Diasceuastae

151 2902 323 2931 Duentzer
358 2903 392 2930 et
423 2901 504 2930 Fick
527 2902 799 2932 recentissimum
826 2902 993 2932 emblema
1026 2909 1027 2917 ¹
1061 2901 1124 2929 hoc
1146 2909 1220 2929 esse
1244 2901 1363 2930 vitium
1384 2902 1482 2938 putat
1502 2900 1692 2935 Kirehhoffi
1718 2898 1815 2928 nobis
1833 2898 1905 2927 veri

152 2953 312 2984 iudicant.
338 2953 415 2992 Ipse
439 2956 539 2992 poeta
563 2963 629 2984 non
653 2955 796 2985 finxerat
821 2955 862 2985 ab
897 2955 993 2985 Ulixe
1026 2956 1028 2967 ⁴
1062 2953 1195 2982 videtur
1231 2953 1376 2983 similius
1410 2954 1546 2991 poetam
1583 2954 1641 2982 aut
1677 2950 1762 2989 *ἐμοὶ
1797 2951 1905 2991 φρεσὶν

154 3008 188 3036 et
211 3006 280 3035 filio
312 3005 428 3036 furtim
453 3007 648 3045 absportata
672 3016 745 3038 esse
777 3017 880 3046 arma,
908 3016 994 3045 quae
1026 2977 1028 3039 l

152 3059 318 3089 hactenus
353 3067 414 3097 per
449 3059 607 3089 conclave
640 3060 786 3089 fuissent
819 3068 995 3097 suspensa,

153 3111 214 3142 sed
244 3112 278 3141 in
304 3111 460 3142 cubiculo
485 3114 518 3141 et
543 3121 658 3142 arcum
686 3113 793 3143 Ulixis
825 3114 859 3142 et
883 3115 994 3141 cetera
1027 3140 1029 3149 ,

1062 3007 1173 3046 ἔμβαλε
1208 3006 1324 3043 δαίμων
1360 3005 1494 3035 dedisse
1530 3007 1588 3035 aut
1613 3003 1673 3034 *ἐνὶ
1701 3005 1788 3045 φρεσὶ
1810 3004 1903 3041 ’θῆκε

1065 3061 1203 3099 Κρονίων
1225 3060 1264 3088 ut
1288 3067 1388 3088 versu
1413 3058 1575 3096 parallelo
1600 3067 1622 3087 n
1647 3058 1720 3087 291.

1108 3110 1147 3140 15
1175 3111 1373 3152 Ειῗτρυκλέειαν
1398 3118 1436 3140 n0
1462 3109 1518 3150 ¹73]
1547 3113 1671 3140 -κλειαν,
