2068 3390
135 187 300 223 Ὀδυσσέως
322 187 422 229 ἄφιξις
445 191 486 224 εἷς
507 189 655 228 Ἰθάκην]

1005 194 1035 222 V

1806 179 1888 220 301

159 331 261 368 XIII
284 327 385 366 οὕτω
417 328 600 379 νώνυμός
632 327 726 367 ἐστι·
758 327 895 366 ,Ρίσασι
927 326 969 366 δέ
999 343 1067 378 μιν
1100 327 1202 378 μάλα
1233 325 1382 377 πολλοὶ,

174 410 237 441 240
283 400 381 453 ἠμὲν
413 402 497 442 ὅσοι
529 403 686 443 ναίουσι
717 402 815 455 πρὸς
846 401 922 454 ἠόα
953 399 980 441 τ’
1015 401 1146 454 ἠέλιόν
1177 417 1227 453 τε,

285 475 350 529 ἠδ’
386 478 493 518 ὅσσοι
525 478 736 530 μετόπισθε
768 477 858 518 ποτὶ
889 478 1012 528 ζόφον
1045 476 1240 531 ἠερόεντα.

1568 418 1649 450 240¹>
1672 435 1714 448 =
1737 422 1779 449 M
1807 420 1869 449 239

1570 488 1651 520 241b
1675 504 1718 518 =
1741 491 1784 519 M
1807 489 1870 518 240

285 547 310 604 ἦ
341 569 399 593 τοι
430 552 501 605 μὲν
532 557 685 607 τρηχεῖα
717 552 783 592 καὶ
815 553 886 605 οὐχ
918 553 1135 604 ἱππήλατός
1169 553 1260 605 ἐστι,

285 627 379 668 οὐδὲ
409 629 498 680 λίην
529 628 671 682 λυπρὴ,
703 627 798 682 ἀτὰρ
832 626 916 668 οὐδ’
952 628 1083 682 εὐρεῖα
1109 627 1293 668 τέτυκται.

281 703 329 742 ἓν
361 702 431 755 μὲν
463 705 535 757 γάρ
568 707 637 744 fot
670 708 772 752 σῖτος
805 704 1045 756 ἀθέσφατος,
1069 704 1118 744 ἓν
1151 703 1193 744 δέ
1224 720 1262 744 τε
1293 706 1431 751 ,Ροῖνος

176 787 236 818 245
283 780 462 832 γίγνεται·
496 780 570 820 αἰεὶ
602 778 642 820 δ’
680 780 825 834 ὄμβρος
857 781 930 833 ἔχει
960 781 1150 820 τεθαλυῖά
1181 777 1208 820 τ’
1245 779 1398 833 ἐὶέρση.

286 854 482 907 αἰγίβοτος
515 853 548 894 δ’
586 854 721 908 ἀγαθὴ
754 854 820 894 καὶ
852 856 1056 908 βούβοτος·
1090 855 1168 894 ἔστι
1200 853 1271 906 μὲν
1302 855 1377 906 ὕλη

287 931 467 982 παντοίη,
491 929 539 969 ἓν
573 928 605 969 δ’
641 930 784 983 ἀρδμοὶ
815 930 1023 983 ἐπηετανοὶ
1053 930 1230 985 παρέασι.

286 1013 336 1061 τῷ
369 1021 439 1057 τοι,
471 1003 574 1057 ξεῖν’,
598 1004 761 1058 Ἰθάκης
792 1022 834 1060 γε
864 1005 931 1046 καὶ
963 1005 1000 1054 ἐς
1037 1007 1182 1059 Τροίην
1217 1003 1323 1057 ὄνομ’
1362 1006 1447 1057 ἵκει,

288 1081 359 1132 τήν
391 1096 461 1133 περ
494 1082 634 1133 τηλόθι
665 1081 789 1133 φασὶν
822 1083 1010 1135 Ἀχαιίδος
1042 1082 1204 1134 ἔμμεναι
1237 1079 1365 1133 αἴης.”

178 1165 240 1196 250

346 1152 398 1205 ὧς
426 1155 541 1208 ’φάθ’
574 1157 770 1210 ἐγήθησεν
804 1156 846 1197 δὲ
878 1158 1072 1206 πολύτλας
1105 1159 1188 1205 δῖος
1216 1155 1440 1209 Ὀδυσσεὺς,

1574 1170 1637 1200 250
1662 1184 1705 1197 =
1730 1182 1746 1208 η
1770 1170 1833 1200 329

288 1233 433 1286 χαίρων
463 1235 520 1289 ,Ρῇ
552 1234 643 1289 γαίῃ
675 1234 864 1290 πατρωίῃ,
896 1234 947 1282 ὥς
979 1236 1048 1273 fon
1081 1233 1212 1273 ἓὶΡειπε

293 1308 452 1357 Παλλὰς
484 1309 676 1361 Ἀθηναίη
708 1310 833 1362 κούρη
868 1309 963 1357 Διὸς
995 1309 1197 1362 αἰγιόχοιο,

291 1385 361 1424 καί
403 1401 469 1437 μιν
501 1385 690 1437 φωνήσας
721 1384 847 1425 ,Ρέπεα
878 1386 1087 1438 πτερόεντα
1119 1385 1329 1439 προσηύδα
1363 1407 1419 1413 —*

293 1458 382 1501 οὐδ’
413 1460 434 1501 ὅ
459 1458 489 1514 γ’
519 1459 657 1513 ἀληθέ’
690 1461 834 1514 ἓὶΡειπε,
859 1462 978 1501 πάλιν
1007 1459 1047 1501 δ’
1079 1461 1101 1501 ὅ
1126 1477 1168 1515 γε
1189 1459 1336 1509 ’λάζετο
1355 1464 1490 1512 μῦθον

1580 1320 1642 1349 252
1663 1333 1706 1346 =
1727 1318 1788 1348 371
1804 1330 1827 1347 ω
1841 1318 1903 1348 547

1751 1363 1794 1392 of.
1820 1375 1837 1401 γ
1861 1364 1903 1393 42

1573 1465 1654 1497 254⁵
1679 1482 1722 1496 =
1747 1469 1774 1496 A
1802 1467 1864 1497 357

184 1545 245 1576 255
294 1535 379 1576 αἰὲν
411 1536 469 1577 ἐνὶ
501 1538 686 1589 στήθεσσι
718 1537 813 1578 νόον
844 1536 1087 1591 πολυκερδέα
1117 1544 1261 1589 νωμῶν
1293 1549 1361 1566 -·

352 1610 669 1666 ,,’πυνθανόμην
698 1611 859 1666 Ἰθάκης
891 1629 933 1668 γε
963 1613 1030 1654 καὶ
1061 1612 1103 1653 ἐν
1137 1613 1273 1669 Κρήτῃ
1306 1613 1436 1668 εὐρείῃ

296 1705 314 1728 τ
344 1686 427 1729 λΙθΊ
474 1688 484 1705 e
525 1686 534 1702 ἱ
637 1689 646 1701 t
820 1696 837 1704 u
923 1687 932 1703 2
994 1690 1004 1704 9
1039 1689 1049 1703 t
1271 1687 1278 1703 ἱ
1351 1688 1361 1704 9
1395 1688 1403 1702 t

316 1706 340 1741 η
367 1705 386 1729 ο
463 1704 562 1742 υπερ
595 1704 757 1742 ποντου,
787 1705 863 1729 νυν
896 1691 919 1730 ὃ
969 1693 1184 1742 ειληλουθα
1216 1705 1282 1728 και
1313 1705 1432 1736 αυτος

145 1882 186 1902 an
217 1871 324 1912 *τήνδε
350 1886 385 1905 με
411 1880 500 1911 γαῖαν
524 1874 577 1903 vel
599 1871 673 1912 *τήν
686 1875 775 1911 γαῖάν
786 1873 846 1911 pc?
867 1873 991 1910 Quam-

146 1935 249 1964 quam
283 1926 426 1956 verbum
462 1928 621 1968 ἀνείρομαι
657 1926 691 1956 in
726 1924 785 1956 tali
824 1927 992 1956 sententia

148 1989 226 2010 cum
261 1980 395 2010 duobus
430 1980 632 2010 accusativis
658 1980 876 2010 coniunctum
901 1980 992 2019 apud

147 2034 332 2063 Homerum
357 2043 423 2063 non
448 2034 625 2072 reperitur.

191 2085 256 2116 240
280 2086 345 2125 sq.]
372 2087 523 2124 suspecti
547 2087 750 2116 Duentzero.

192 2138 258 2169 240
284 2141 338 2177 ήόα
362 2146 399 2168 n0
427 2139 482 2178 77]
511 2141 558 2177 ἠῶ.

191 2191 256 2222 243
288 2192 402 2233 λυπρή]
428 2201 537 2230 neque
571 2192 635 2222 hoc
661 2192 725 2221 adi.
755 2191 845 2230 apud
868 2193 992 2222 Home-

149 2255 222 2275 rum
259 2246 403 2275 recurrit
438 2254 548 2284 neque
585 2246 650 2275 alia
682 2245 835 2275 eiusdem
870 2245 994 2274 radicis

148 2299 313 2329 vocabula
350 2297 443 2339 (λύπη
478 2302 582 2328 λυπεῖν
617 2295 764 2340 λυπηρός)
801 2297 892 2336 apud
917 2306 993 2327 eum

150 2352 382 2387 inveniuntur3
419 2350 530 2381 exilem
561 2353 676 2381 tamen
701 2351 754 2381 vel
779 2349 918 2380 sterilem
942 2359 993 2380 re-

149 2405 283 2443 gionem
308 2404 490 2442 significari
516 2404 597 2433 satis
621 2405 779 2442 apparet3
803 2403 895 2445 λυγρὴ
917 2412 994 2432 con-

149 2458 229 2487 iecit
263 2457 513 2487 Friedlaender.
540 2457 606 2487 Sed
632 2456 801 2495 quomodo
826 2456 995 2485 utrumvis

150 2510 216 2540 huc
241 2510 406 2548 quadrare
431 2511 539 2549 possit
563 2519 628 2539 non
650 2510 822 2545 videmus3
850 2509 994 2546 requiri-

150 2566 204 2594 tur
227 2564 341 2602 potius
370 2563 439 2593 οὐδὲ
462 2566 528 2601 λίην
553 2563 659 2604 εὐρεῖ’,
683 2564 760 2603 ἀτὰρ
788 2564 822 2591 οὐ
844 2564 942 2603 λυπρή
965 2574 995 2599 γε

151 2617 307 2646 τέτυκταιῑ
333 2625 446 2656 aspera
470 2625 524 2646 nec
547 2614 633 2655 equis
663 2614 786 2645 alendis
817 2613 927 2644 idonea
952 2616 997 2643 cst

152 2669 279 2705 Ithaca,
309 2668 420 2709 quippe
450 2678 529 2708 qaae
559 2677 682 2707 campos
706 2669 830 2707 apertos
854 2676 915 2696 non
938 2665 995 2695 ha-

153 2721 240 2758 beat;
276 2731 332 2752 nec
366 2724 469 2751 lamen
494 2719 613 2760 infelix
637 2723 682 2751 est
711 2722 809 2755 ferra,
834 2729 905 2749 nam
922 2717 998 2759 sert

145 2774 346 2816 frumentum
389 2777 418 2804 et
461 2773 575 2803 vinum.
614 2774 698 2804 Cum
735 2775 805 2803 toto
843 2773 917 2802 loco
954 2772 996 2801 cs.

153 2830 170 2857 ὁ·
207 2829 269 2858 605
307 2837 381 2866 sqq.
417 2828 559 2858 Versum
590 2829 709 2865 postea
742 2826 896 2856 additum
923 2834 997 2855 esse

153 2883 346 2921 suspicatur
371 2881 486 2911 Seeck.
513 2879 525 2921 {l
555 2881 633 2921 ἀτὰρ
659 2877 746 2921 οὐδ’]
767 2881 815 2909 sic
836 2880 902 2918 An,
920 2880 997 2919 ἀτὰρ

155 2932 278 2977 (αὐτὰρ)
312 2936 366 2964 οὐκ
399 2934 601 2972 complures,
629 2934 726 2974 αὐτὰρ
753 2933 784 2962 δ’
814 2932 998 2970 Gregorius

155 2988 303 3019 Corinth.
336 2983 524 3028 (Tryphoe)
550 2987 583 3015 in
611 2986 746 3016 Rhetor.
774 2985 922 3024 Spengel
947 2984 997 3013 III

153 3051 186 3080 p.
236 3042 308 3075 219.
357 3040 447 3078 quod
493 3038 697 3078 anastrophes
740 3040 838 3068 vocat
885 3046 996 3067 exem-

154 3095 259 3134 plum.

1103 1871 1169 1903 244
1192 1871 1258 1912 sq.]
1285 1872 1424 1902 damnat
1455 1872 1637 1902 Duentzer.

1104 1925 1167 1956 245
1197 1919 1329 1968 ἐὶέρση]
1356 1927 1460 1968 ὀπώρη
1484 1926 1555 1955 XD
1580 1926 1636 1962 (ex
1659 1927 1675 1954 ι
1703 1923 1791 1960 192).

1103 1978 1169 2010 246
1191 1979 1315 2018 ἀγαθή]
1338 1979 1451 2018 Ἰθάκη
1475 1979 1658 2009 Duentzer.
1690 1975 1702 2018 ΙΙ
1736 1973 1902 2018 βούβοτος]

1059 2032 1123 2062 hoc
1166 2041 1234 2062 uno
1270 2033 1344 2062 loco
1388 2032 1422 2062 in
1458 2033 1557 2062 Hom.
1589 2031 1725 2070 legitur.
1761 2030 1906 2060 Versum

1059 2085 1231 2124 vituperat
1267 2085 1384 2124 Seeck,
1428 2094 1540 2123 neque
1575 2085 1664 2114 enim
1703 2083 1908 2113 adiectivum

1060 2140 1216 2179 αἰγίβοτος
1246 2138 1281 2168 in
1313 2137 1450 2168 laudem
1484 2137 1638 2167 adhiberi
1672 2145 1772 2175 posse
1798 2144 1908 2174 neque

1060 2191 1213 2220 Ithacam
1236 2193 1389 2231 p‘ou'p’orov
1413 2190 1528 2220 vocari
1552 2189 1716 2228 potuisse.

1104 2242 1169 2274 247
1208 2244 1336 2285 ἀρδμοὶ]
1372 2243 1415 2273 cf.
1451 2246 1478 2272 Σ
1513 2243 1586 2272 521.
1629 2239 1641 2283 ΙΙ
1675 2240 1823 2283 παρέασι]
1861 2252 1907 2278 γε-

1062 2298 1154 2334 γάασι
1177 2297 1217 2326 D.

1106 2348 1171 2379 248
1198 2349 1264 2387 sq.]
1291 2349 1429 2379 damnat
1452 2349 1632 2378 Duentzer.

1105 2401 1170 2432 249
1195 2403 1306 2440 τηλόθι
1332 2408 1369 2431 n⁰
1394 2398 1472 2443 322]
1500 2405 1598 2440 τηλοῦ.

1105 2454 1171 2485 250
1187 2455 1283 2495 ’φάθ’
1304 2451 1474 2496 ἐγήθησεν]
1495 2456 1584 2494 φάτο·
1602 2456 1738 2492 γήθησεν
1754 2450 1910 2494 (μείδησεν

1062 2505 1173 2548 Eust.)
1199 2507 1295 2537 codd.

1107 2557 1186 2601 252]
1213 2569 1278 2589 om.
1303 2558 1470 2597 PKnight.

1107 2612 1173 2642 254
1197 2612 1263 2650 sq.]
1291 2612 1453 2642 damnant
1478 2610 1634 2649 PKnight
1657 2610 1747 2640 Fiek.

1108 2664 1174 2695 254
1199 2665 1260 2694 οὐδ’
1278 2666 1294 2694 ὅ
1315 2665 1358 2703 γ’]
1383 2665 1451 2694 οὐδὲ
1476 2665 1499 2702 γ’
1523 2664 1642 2702 Bothe,
1656 2664 1725 2693 οὐδέ
1741 2664 1765 2693 τ’
1784 2664 1911 2693 Duent-

1064 2727 1130 2748 zer.
1161 2716 1173 2758 Η
1204 2718 1314 2756 ἀληθὲ’
1345 2710 1468 2755 Efferus]
1495 2716 1570 2746 -θέα
1595 2713 1659 2746 εἶπε
1685 2716 1780 2746 codd.

1108 2769 1172 2800 255
1198 2772 1262 2800 αἰὲν
1286 2770 1326 2808 Y]
1353 2772 1409 2800 αἰεὶ
1436 2770 1551 2799 ceteri.
1580 2767 1592 2809 ΙΙ
1623 2769 1826 2811 πολυκερδέα]
1848 2769 1911 2798 hoe

1066 2833 1132 2853 uno
1168 2824 1252 2862 loco,
1296 2823 1356 2853 sed
1392 2823 1435 2852 cf.
1471 2822 1668 2863 πολυκερδεΐη
1703 2834 1726 2851 ω
1763 2822 1825 2851 167
1862 2818 1913 2863 (et

1068 2885 1093 2914 ψ
1123 2873 1213 2917 773³).

1110 2928 1175 2959 256
1218 2929 1337 2971 Κρήτῃ]
1385 2932 1477 2969 Τροίῃ
1520 2929 1557 2967 P,
1594 2937 1659 2957 non
1699 2927 1911 2966 improbante

1066 2982 1223 3011 Valcken.
1249 2981 1291 3011 ad
1315 2983 1469 3012 Ammon.
1496 2991 1529 3020 p.
1556 2982 1629 3010 238.

1111 3033 1174 3065 257
1201 3035 1307 3073 τηλόθ’
1347 3042 1385 3064 11⁰
1423 3034 1502 3072 322]
1540 3037 1639 3071 τηλοῦ.
1677 3030 1690 3073 Η
1732 3030 1912 3070 εἰλήλουθα]

1068 3094 1104 3116 n⁰
1134 3088 1206 3117 160.
