2035 3406
853 913 1182 951 ΘΔΥΣΣΕΙΑΣ
1210 927 1252 967 γ.

931 1078 977 1107 Τὰ
1003 1080 1034 1108 ἐν
1058 1080 1159 1120 Πύλῳ.

216 1471 278 1507 111
379 1465 507 1519 ἠέλιος
540 1465 576 1508 δ’
613 1466 806 1521 ἀνόρουσε
836 1469 962 1510 λιπὼν
993 1468 1223 1523 περικαλλέα
1254 1470 1397 1522 λίμνην

314 1544 488 1597 οὐρανὸν
514 1544 559 1593 ἲς
591 1546 851 1598 πολύχαλκον,
882 1544 929 1586 ἵν’
965 1546 1201 1587 ἀθανάτοισι
1233 1547 1392 1598 φαείνοι

312 1619 378 1660 καὶ
409 1625 592 1673 θνητοῖσι
623 1623 822 1674 βροτοῖσιν
855 1621 917 1662 ἐπὶ
949 1623 1134 1676 ζείδωρον
1167 1620 1354 1675 ἄρουραν·

313 1698 352 1736 οἳ
384 1695 426 1736 δὲ
459 1698 612 1750 Πύλον,
643 1701 807 1751 Νηλῆος
839 1698 883 1739 ἐὺ
915 1700 1097 1751 κτίμενον
1131 1699 1380 1752 πτολίεθρον,

1604 1561 1640 1590 2¹²
1664 1574 1708 1586 =
1734 1562 1762 1589 E
1785 1560 1849 1590 504

1601 1638 1619 1667 3
1648 1652 1691 1664 =
1715 1648 1737 1675 μ
1763 1638 1826 1668 386
1852 1636 1895 1667 cf.
1916 1647 1933 1666 τ

1867 1682 1931 1712 593

248 1783 265 1812 5
314 1769 409 1822 ἷξον.
443 1773 502 1814 τοὶ
535 1771 570 1814 δ’
609 1774 672 1814 ἐπὶ
702 1776 790 1815 θινὶ
820 1776 1025 1828 θαλάσσης
1059 1773 1122 1829 ἱέρ’
1160 1774 1303 1828 ἔρεζον,

247 1857 266 1888 6
319 1850 489 1903 ταύρους
521 1849 790 1902 παμμέλανας,
822 1850 1047 1904 ἐνοσίχθονι
1078 1851 1328 1906 κυανοχαίτῃ.

379 1983 397 2013 7
423 1982 508 2012 ἐννέα
532 1983 562 2012 δ’
591 1983 676 2025 ἕδραι
701 1983 784 2018 ἕσαν,
808 1985 1003 2022 πεντηκόσιοι
1028 1984 1057 2013 δ’
1087 1986 1117 2013 ἐν
1141 1985 1254 2023 ἑκάστῃ

424 2037 497 2073 ἥατο
522 2036 572 2065 καὶ
597 2036 770 2076 προέχοντο
794 2032 977 2067 fenoleto-91
1002 2036 1087 2066 ἐννέα
1111 2039 1249 2078 ταύρους.

212 2151 228 2182 1
253 2153 375 2192 λίμνην]
400 2152 582 2184 Oceanusne
600 2155 810 2193 significatur
832 2155 886 2193 (cf.
900 2156 932 2186 H
948 2156 1011 2185 422
1044 2155 1049 2180 1

167 2206 267 2243 etc.)?
288 2206 380 2236 Alias
401 2208 515 2237 tamen
535 2210 624 2246 λίμνη
637 2208 679 2237 de
690 2207 804 2249 fluviis
821 2209 1012 2239 adhibitum

165 2268 231 2289 non
264 2260 442 2298 reperitur.
466 2261 584 2290 Potius
608 2261 712 2299 igitur
735 2262 776 2291 de
805 2260 904 2291 maris
919 2260 1013 2302 freto

165 2312 198 2342 h.
218 2311 239 2341 1,
261 2313 495 2351 accipiendum
516 2314 651 2343 videtur
671 2314 721 2351 (ut
736 2315 816 2344 Ν32
837 2315 868 2344 Ω
888 2315 953 2351 79),
966 2315 1012 2344 ita

166 2366 204 2394 ut
222 2373 341 2395 versus
361 2374 438 2395 cum
461 2369 495 2395 Ψ
510 2367 572 2396 227
586 2367 617 2396 Ω
633 2368 672 2396 13
687 2367 731 2396 sit
747 2366 1010 2405 componendus.

208 2417 229 2448 2
252 2418 464 2457 πολύχαλκον]
497 2419 539 2448 cf.
572 2422 599 2448 Ε
622 2420 685 2449 504
711 2422 739 2449 P
761 2420 824 2449 425
849 2432 864 2450 ο
888 2421 962 2450 329.
993 2417 1006 2461 ΙΙ

165 2473 283 2510 φαείνοι
304 2468 345 2501 P2
357 2471 394 2510 k]
420 2484 477 2512 '‘¹31-

209 2522 229 2552 3
253 2527 395 2562 θνητοῖσι
427 2524 599 2566 βροτοῖσιν]
629 2525 817 2563 iunguntur
840 2526 955 2562 θνητός
978 2526 1012 2555 et

165 2578 275 2617 βροτός
295 2577 397 2606 etiam
422 2589 438 2615 η
464 2578 526 2607 210
551 2588 573 2606 π
600 2578 673 2607 212.

210 2628 228 2659 5
253 2629 302 2671 ἱέρ’
332 2629 445 2670 ἔρεζον]
470 2631 535 2671 ἱερὰ
560 2630 644 2669 ῥέζον
669 2630 765 2659 codd.

211 2680 230 2712 7
255 2682 320 2719 sq]
347 2682 520 2712 damnavit
543 2683 664 2721 Bergk,
692 2682 926 2721 interpolatori
948 2683 1011 2713 Pe-

165 2733 362 2772 loponnesio
387 2734 551 2764 tribuens.

210 2785 228 2816 7
254 2786 353 2828 ἕδραι]
379 2786 528 2816 ordines?
556 2788 599 2816 At
625 2788 689 2817 hoo
714 2787 915 2823 ridiculum3
940 2797 1011 2817 con-

163 2837 238 2868 cilia
263 2839 446 2877 significari
470 2840 636 2880 videntur.
669 2838 681 2881 Η
711 2841 919 2879 πεντηκόσιοι]
942 2850 1010 2869 πεν-

162 2893 301 2921 τακόσιοι
332 2892 386 2921 Ar.
418 2892 600 2922 Herodian.
633 2894 692 2932 (-η-
727 2893 816 2923 enim
846 2902 924 2923 cum
947 2894 1011 2922 lin-

164 2954 250 2982 guae
284 2945 418 2983 legibus
450 2945 505 2974 vix
539 2946 726 2984 congruit);
759 2948 946 2984 πεντήκοντα
970 2947 1012 2983 Η,

164 2997 254 3035 quod
281 2998 467 3027 Buttmann
499 2998 623 3033 suasit;
644 2998 784 3028 Nitzsoh
812 3007 930 3028 verum
951 2999 1011 3029 du-

166 3050 211 3079 cit
246 3051 458 3088 πεντηκοστὺς.
498 3047 510 3090 Η
554 3050 598 3087 ἐν]
633 3050 653 3079 Ι.
687 3060 716 3079 a.
747 3050 804 3080 ἀν’.
842 3048 854 3091 ΙΙ
885 3051 1010 3091 ἑκάστῃ]

168 3102 321 3140 neglecto
345 3098 389 3139 ,ἢ
415 3103 532 3133 Nauck
557 3103 589 3132 δὲ
613 3096 763 3144 femiam.
794 3101 806 3144 ΙΙ
834 3104 884 3134 De
905 3113 1012 3134 novem

1082 2156 1183 2198 ἕδραις
1206 2154 1431 2195 quinyenorum
1451 2155 1599 2185 virorum
1621 2155 1655 2184 in
1676 2154 1814 2184 scholiis
1829 2162 1931 2184 anno-

1081 2210 1183 2245 tatur,
1206 2217 1314 2239 novem
1340 2208 1484 2238 urbibus
1515 2208 1693 2238 Nestorem
1717 2207 1932 2246 imperitasse

1081 2262 1122 2299 (B
1157 2262 1245 2300 591),
1275 2259 1448 2300 nonaqinta
1474 2262 1589 2290 autem
1616 2269 1719 2290 naves
1741 2259 1932 2300 quinquaqe-

1079 2324 1190 2344 norum
1221 2314 1369 2344 militum
1401 2313 1457 2351 (cf.
1496 2316 1522 2343 B
1550 2314 1611 2343 719
1638 2316 1675 2342 Π
1696 2313 1772 2350 170)
1797 2312 1932 2343 Troiam

1080 2367 1216 2397 duxisse
1237 2367 1280 2404 (Β
1302 2367 1388 2405 602).
1410 2367 1517 2396 Acute
1538 2366 1622 2407 haee
1644 2367 1723 2396 sunt
1743 2366 1932 2403 observata,

1079 2429 1190 2458 neque
1222 2428 1316 2449 mero
1349 2420 1441 2449 casui
1472 2419 1577 2449 tribui
1609 2420 1723 2458 potest
1745 2419 1837 2457 quod
1860 2420 1931 2449 tam

1080 2474 1237 2502 accurate
1262 2473 1454 2510 congruunt
1476 2472 1512 2501 hi
1535 2472 1669 2502 numeri
1677 2480 1685 2508 ;
1709 2472 1775 2502 vid.
1795 2471 1838 2501 ad
1857 2484 1867 2502 ι
1889 2473 1930 2502 60

1079 2538 1097 2555 κ
1123 2526 1196 2555 208.
1223 2525 1289 2555 Sed
1313 2534 1379 2554 non
1403 2525 1469 2563 ipsi
1492 2525 1598 2563 igitur
1621 2526 1743 2563 poetae
1766 2525 1829 2554 hos
1855 2533 1930 2554 ver-

1080 2588 1138 2608 sus
1169 2578 1286 2608 deberi
1309 2578 1400 2614 hino,
1425 2579 1463 2607 ut
1488 2587 1528 2607 ex
1558 2578 1688 2616 ingenti
1712 2578 1816 2607 boum
1838 2586 1929 2607 mac-

1079 2633 1227 2661 tatorum
1252 2639 1405 2667 numero,
1430 2631 1560 2669 liquido
1587 2632 1738 2669 apparet.

1124 2683 1143 2714 8
1170 2685 1242 2722 ῆατο
1255 2690 1293 2713 n0
1308 2683 1386 2722 220]
1401 2685 1491 2713 εἵατο.
1511 2681 1524 2724 Η
1547 2683 1735 2726 προέχοντο]
1752 2685 1930 2725 προύχοντο

1080 2736 1188 2771 codd,
1223 2736 1243 2765 1.
1270 2745 1297 2764 a.
1329 2738 1513 2778 προύθεντο.
1549 2736 1621 2772 Quo
1654 2744 1756 2765 sensu
1787 2736 1930 2766 verbum

1079 2789 1188 2828 accipi
1220 2789 1365 2818 voluerit
1397 2789 1621 2827 interpolator
1651 2788 1764 2818 minus
1799 2790 1930 2818 certum

1079 2843 1146 2877 est3
1175 2839 1326 2880 praebere
1355 2841 1577 2879 intellegebat
1600 2841 1654 2870 Ar.
1690 2837 1703 2881 Η
1731 2836 1928 2879 ιΙῑεκόεστοίὴ]

1078 2895 1099 2924 l.
1126 2903 1153 2923 a.
1179 2895 1357 2923 ἑκάστοθεν.
1382 2894 1490 2923 Aoute
1513 2894 1627 2923 locum
1649 2893 1724 2923 coll.
1750 2896 1784 2923 Ψ
1800 2894 1862 2923 329
1882 2893 1930 2923 ita

1078 2947 1322 2985 interpretatur
1344 2946 1474 2983 APlatt,
1496 2947 1534 2975 ut
1554 2954 1660 2975 novem
1683 2946 1772 2975 tauri
1791 2945 1930 2975 mactati

1079 2999 1156 3036 sint,
1191 2996 1310 3037 sinqulz'
1339 2999 1373 3027 in
1405 3007 1506 3028 usum
1536 2998 1638 3028 unius
1661 2999 1750 3040 ἕδρας
1776 2996 1928 3037 quinqua-

1075 3050 1168 3091 qinta
1192 3052 1282 3089 (nam
1307 3053 1495 3089 πεντήκοντα
1515 3060 1634 3081 verum
1656 3048 1762 3092 ducit)
1780 3049 1928 3081 virorum.

1080 3104 1266 3135 Videantur
1288 3105 1402 3133 tamen
1422 3112 1509 3142 quae
1526 3103 1569 3133 ad
1588 3112 1636 3134 vs.
1652 3104 1670 3134 7
1683 3103 1930 3134 adnotavimus.
